<?xml version="1.0" encoding="UTF-8"?>
<!DOCTYPE html PUBLIC "-//W3C//DTD XHTML 1.0 Transitional//EN"
    "http://www.w3.org/TR/xhtml1/DTD/xhtml1-transitional.dtd">
<html xmlns="http://www.w3.org/1999/xhtml" xml:lang="en" lang="en">
 <head>
  <title>
</title>
<meta http-equiv="Content-Type" content="text/html;charset=utf-8" />
  <meta name='ocr-system' content='tesseract 3.04.00' />
  <meta name='ocr-capabilities' content='ocr_page ocr_carea ocr_par ocr_line ocrx_word'/>
</head>
<body>
  <div class='ocr_page' id='page_1' title='image "./sectionumconica00stewgoog_0171.png"; bbox 0 0 3716 5324; ppageno 0'>
   <div class='ocr_carea' id='block_1_1' title="bbox 331 507 1590 628">
    <p class='ocr_par' dir='ltr' id='par_1_1' title="bbox 331 507 1590 628">
     <span class='ocr_line' id='line_1_1' title="bbox 331 507 1590 628; baseline 0.005 -26"><span class='ocrx_word' id='word_1_1' title='bbox 331 513 918 628; x_wconf 55' lang='lat' dir='ltr'>:50821suc&#39;r10NUM</span> <span class='ocrx_word' id='word_1_2' title='bbox 964 507 1390 612; x_wconf 82' lang='lat' dir='ltr'>CONICARUM</span> <span class='ocrx_word' id='word_1_3' title='bbox 1430 515 1590 607; x_wconf 62' lang='lat' dir='ltr'>Libnv.</span> 
     </span>
    </p>
   </div>
   <div class='ocr_carea' id='block_1_2' title="bbox 326 663 1645 913">
    <p class='ocr_par' dir='ltr' id='par_1_2' title="bbox 326 663 1645 913">
     <span class='ocr_line' id='line_1_2' title="bbox 374 663 1645 797; baseline -0.005 -22"><span class='ocrx_word' id='word_1_4' title='bbox 374 699 511 776; x_wconf 55' lang='grc' dir='ltr'>ωΟοπι.</span> <span class='ocrx_word' id='word_1_5' title='bbox 525 717 559 774; x_wconf 80' lang='lat'>2.</span> <span class='ocrx_word' id='word_1_6' title='bbox 586 689 636 773; x_wconf 80' lang='lat' dir='ltr'>Et</span> <span class='ocrx_word' id='word_1_7' title='bbox 650 663 810 797; x_wconf 83' lang='lat' dir='ltr'>quoniam</span> <span class='ocrx_word' id='word_1_8' title='bbox 825 683 1003 770; x_wconf 39' lang='lat' dir='ltr'>ostensum*</span> <span class='ocrx_word' id='word_1_9' title='bbox 1021 691 1085 769; x_wconf 85' lang='lat' dir='ltr'>fuit</span> <span class='ocrx_word' id='word_1_10' title='bbox 1103 692 1301 770; x_wconf 87' lang='lat' dir='ltr'>alterutrum</span> <span class='ocrx_word' id='word_1_11' title='bbox 1325 717 1368 768; x_wconf 84' lang='lat' dir='ltr'>err</span> <span class='ocrx_word' id='word_1_12' title='bbox 1381 673 1550 771; x_wconf 80' lang='lat' dir='ltr'>diametris</span> <span class='ocrx_word' id='word_1_13' title='bbox 1564 715 1645 772; x_wconf 86' lang='lat' dir='ltr'>oon·</span> 
     </span>
     <span class='ocr_line' id='line_1_3' title="bbox 326 787 1643 913; baseline -0.005 -39"><span class='ocrx_word' id='word_1_14' title='bbox 326 803 335 813; x_wconf 71' lang='grc'><em>”</em></span> <span class='ocrx_word' id='word_1_15' title='bbox 359 800 486 913; x_wconf 67' lang='lat' dir='ltr'>jugatis</span> <span class='ocrx_word' id='word_1_16' title='bbox 500 797 682 898; x_wconf 76' lang='lat' dir='ltr'>aequalibue</span> <span class='ocrx_word' id='word_1_17' title='bbox 698 787 772 870; x_wconf 87' lang='lat' dir='ltr'>FG&#39;</span> <span class='ocrx_word' id='word_1_18' title='bbox 787 793 980 894; x_wconf 78' lang='lat' dir='ltr'>parallelum</span> <span class='ocrx_word' id='word_1_19' title='bbox 996 787 1058 868; x_wconf 76' lang='lat' dir='ltr'>effe</span> <span class='ocrx_word' id='word_1_20' title='bbox 1075 791 1175 868; x_wconf 75' lang='lat' dir='ltr'>redtae</span> <span class='ocrx_word' id='word_1_21' title='bbox 1188 794 1265 882; x_wconf 83' lang='grc' dir='ltr'>ΒΚ,</span> <span class='ocrx_word' id='word_1_22' title='bbox 1290 813 1367 892; x_wconf 79' lang='lat' dir='ltr'>quae</span> <span class='ocrx_word' id='word_1_23' title='bbox 1379 797 1518 869; x_wconf 74' lang='lat' dir='ltr'>vertices</span> <span class='ocrx_word' id='word_1_24' title='bbox 1529 795 1643 870; x_wconf 83' lang='lat' dir='ltr'>axium</span> 
     </span>
    </p>
   </div>
   <div class='ocr_carea' id='block_1_3' title="bbox 216 891 1645 1095">
    <p class='ocr_par' dir='ltr' id='par_1_3' title="bbox 216 891 1645 1095">
     <span class='ocr_line' id='line_1_4' title="bbox 239 891 1645 996; baseline -0.007 -18"><span class='ocrx_word' id='word_1_25' title='bbox 239 939 241 947; x_wconf 56' lang='lat'><strong><em>¹</em></strong></span> <span class='ocrx_word' id='word_1_26' title='bbox 317 947 319 952; x_wconf 94' lang='lat'>·</span> <span class='ocrx_word' id='word_1_27' title='bbox 364 899 555 996; x_wconf 76' lang='lat' dir='ltr'>conjungit,</span> <span class='ocrx_word' id='word_1_28' title='bbox 583 891 796 970; x_wconf 82' lang='lat' dir='ltr'>manifestum</span> <span class='ocrx_word' id='word_1_29' title='bbox 808 892 857 967; x_wconf 84' lang='lat' dir='ltr'>est</span> <span class='ocrx_word' id='word_1_30' title='bbox 876 892 1006 968; x_wconf 89' lang='lat' dir='ltr'>nullum</span> <span class='ocrx_word' id='word_1_31' title='bbox 1022 892 1111 968; x_wconf 85' lang='lat' dir='ltr'>aliud</span> <span class='ocrx_word' id='word_1_32' title='bbox 1128 917 1188 992; x_wconf 90' lang='lat' dir='ltr'>par</span> <span class='ocrx_word' id='word_1_33' title='bbox 1200 894 1441 968; x_wconf 88' lang='lat' dir='ltr'>diametrorum</span> <span class='ocrx_word' id='word_1_34' title='bbox 1452 894 1645 993; x_wconf 75' lang='lat' dir='ltr'>conjugata·</span> 
     </span>
     <span class='ocr_line' id='line_1_5' title="bbox 216 993 843 1095; baseline -0.016 -15"><span class='ocrx_word' id='word_1_35' title='bbox 216 1022 220 1030; x_wconf 81' lang='grc'><em>’</em></span> <span class='ocrx_word' id='word_1_36' title='bbox 360 997 525 1076; x_wconf 79' lang='lat' dir='ltr'>turnell‘e</span> <span class='ocrx_word' id='word_1_37' title='bbox 541 997 672 1073; x_wconf 86' lang='lat' dir='ltr'>intetse</span> <span class='ocrx_word' id='word_1_38' title='bbox 688 993 843 1095; x_wconf 80' lang='lat' dir='ltr'>aequales.</span> 
     </span>
    </p>
   </div>
   <div class='ocr_carea' id='block_1_4' title="bbox 614 1261 1380 1404">
    <p class='ocr_par' dir='ltr' id='par_1_4' title="bbox 614 1261 1380 1404">
     <span class='ocr_line' id='line_1_6' title="bbox 614 1261 1380 1404; baseline -0.001 -35"><span class='ocrx_word' id='word_1_39' title='bbox 614 1261 878 1369; x_wconf 70' lang='lat' dir='ltr'>&#39;raon</span> <span class='ocrx_word' id='word_1_40' title='bbox 944 1291 993 1370; x_wconf 69' lang='lat' dir='ltr'><strong>u</strong></span> <span class='ocrx_word' id='word_1_41' title='bbox 1092 1289 1380 1404; x_wconf 59' lang='lat' dir='ltr'>raone</span> 
     </span>
    </p>
   </div>
   <div class='ocr_carea' id='block_1_5' title="bbox 371 1447 1645 1566">
    <p class='ocr_par' dir='ltr' id='par_1_5' title="bbox 371 1447 1645 1566">
     <span class='ocr_line' id='line_1_7' title="bbox 371 1447 1645 1566; baseline -0.017 -17"><span class='ocrx_word' id='word_1_42' title='bbox 371 1463 469 1550; x_wconf 75' lang='lat' dir='ltr'>Data</span> <span class='ocrx_word' id='word_1_43' title='bbox 485 1460 568 1544; x_wconf 86' lang='lat' dir='ltr'>coni</span> <span class='ocrx_word' id='word_1_44' title='bbox 598 1456 762 1560; x_wconf 77' lang='lat' dir='ltr'>sedlione,</span> <span class='ocrx_word' id='word_1_45' title='bbox 789 1447 1063 1565; x_wconf 70' lang='lat' dir='ltr'>&#39;contingentem</span> <span class='ocrx_word' id='word_1_46' title='bbox 1080 1457 1224 1557; x_wconf 84' lang='lat' dir='ltr'>ducere,</span> <span class='ocrx_word' id='word_1_47' title='bbox 1252 1485 1437 1566; x_wconf 85' lang='lat' dir='ltr'>quaecum</span> <span class='ocrx_word' id='word_1_48' title='bbox 1454 1485 1534 1557; x_wconf 84' lang='lat' dir='ltr'>axe,</span> <span class='ocrx_word' id='word_1_49' title='bbox 1566 1485 1645 1560; x_wconf 81' lang='lat' dir='ltr'>rer.</span> 
     </span>
    </p>
   </div>
   <div class='ocr_carea' id='block_1_6' title="bbox 425 1567 1792 1684">
    <p class='ocr_par' dir='ltr' id='par_1_6' title="bbox 425 1567 1792 1684">
     <span class='ocr_line' id='line_1_8' title="bbox 425 1567 1792 1684; baseline -0.006 -28"><span class='ocrx_word' id='word_1_50' title='bbox 425 1575 482 1656; x_wconf 84' lang='lat' dir='ltr'>sua</span> <span class='ocrx_word' id='word_1_51' title='bbox 499 1591 613 1684; x_wconf 81' lang='lat' dir='ltr'>partes</span> <span class='ocrx_word' id='word_1_52' title='bbox 630 1571 806 1671; x_wconf 71' lang='lat' dir='ltr'>sedionia3</span> <span class='ocrx_word' id='word_1_53' title='bbox 836 1569 1013 1678; x_wconf 82' lang='lat' dir='ltr'><strong>angulum</strong></span> <span class='ocrx_word' id='word_1_54' title='bbox 1028 1567 1136 1649; x_wconf 77' lang='lat' dir='ltr'>iaciat</span> <span class='ocrx_word' id='word_1_55' title='bbox 1153 1567 1238 1649; x_wconf 88' lang='lat' dir='ltr'>dato</span> <span class='ocrx_word' id='word_1_56' title='bbox 1254 1569 1390 1678; x_wconf 83' lang='lat' dir='ltr'>angulo</span> <span class='ocrx_word' id='word_1_57' title='bbox 1403 1591 1510 1650; x_wconf 91' lang='lat' dir='ltr'>acuto</span> <span class='ocrx_word' id='word_1_58' title='bbox 1526 1581 1647 1679; x_wconf 80' lang='lat' dir='ltr'><strong>aequa-</strong></span> <span class='ocrx_word' id='word_1_59' title='bbox 1787 1619 1792 1627; x_wconf 91' lang='lat'>·</span> 
     </span>
    </p>
   </div>
   <div class='ocr_carea' id='block_1_7' title="bbox 318 1685 799 1800">
    <p class='ocr_par' dir='ltr' id='par_1_7' title="bbox 318 1685 799 1800">
     <span class='ocr_line' id='line_1_9' title="bbox 318 1685 799 1800; baseline -0.004 -33"><span class='ocrx_word' id='word_1_60' title='bbox 318 1685 514 1767; x_wconf 54' lang='lat' dir='ltr'>‘lem</span> <span class='ocrx_word' id='word_1_61' title='bbox 636 1767 799 1800; x_wconf 33' lang='grc' dir='ltr'>ο,</span> 
     </span>
    </p>
   </div>
   <div class='ocr_carea' id='block_1_8' title="bbox 294 1835 1649 2089">
    <p class='ocr_par' dir='ltr' id='par_1_8' title="bbox 294 1835 1649 2089">
     <span class='ocr_line' id='line_1_10' title="bbox 294 1835 1647 1990; baseline -0.005 -21"><span class='ocrx_word' id='word_1_62' title='bbox 294 1904 299 1918; x_wconf 97' lang='grc'><strong><em>’</em></strong></span> <span class='ocrx_word' id='word_1_63' title='bbox 410 1889 464 1968; x_wconf 77' lang='lat' dir='ltr'>‘&#39;ln</span> <span class='ocrx_word' id='word_1_64' title='bbox 482 1888 638 1990; x_wconf 84' lang='lat' dir='ltr'>parabola</span> <span class='ocrx_word' id='word_1_65' title='bbox 650 1875 837 1970; x_wconf 78' lang='lat' dir='ltr'>inveniatur</span> <span class='ocrx_word' id='word_1_66' title='bbox 848 1884 928 1976; x_wconf 84' lang='lat' dir='ltr'>axis,</span> <span class='ocrx_word' id='word_1_67' title='bbox 955 1883 1046 1960; x_wconf 82' lang='lat' dir='ltr'>focus</span> <span class='ocrx_word' id='word_1_68' title='bbox 1057 1888 1094 1960; x_wconf 81' lang='lat' dir='ltr'>dc</span> <span class='ocrx_word' id='word_1_69' title='bbox 1106 1837 1284 1970; x_wconf 64' lang='lat' dir='ltr'>diroc&#39;trirre</span> <span class='ocrx_word' id='word_1_70' title='bbox 1310 1887 1343 1960; x_wconf 95' lang='lat' dir='ltr'>in</span> <span class='ocrx_word' id='word_1_71' title='bbox 1360 1835 1466 1986; x_wconf 90' lang='lat' dir='ltr'>ellipli</span> <span class='ocrx_word' id='word_1_72' title='bbox 1482 1913 1564 1961; x_wconf 87' lang='lat' dir='ltr'>vero</span> <span class='ocrx_word' id='word_1_73' title='bbox 1579 1887 1647 1963; x_wconf 83' lang='lat' dir='ltr'>axis</span> 
     </span>
     <span class='ocr_line' id='line_1_11' title="bbox 374 1985 1649 2089; baseline -0.003 -23"><span class='ocrx_word' id='word_1_74' title='bbox 374 1990 482 2089; x_wconf 86' lang='lat' dir='ltr'>major</span> <span class='ocrx_word' id='word_1_75' title='bbox 496 1988 635 2074; x_wconf 65' lang='lat' dir='ltr'>&amp;lucit</span> <span class='ocrx_word' id='word_1_76' title='bbox 661 1989 712 2078; x_wconf 78' lang='grc' dir='ltr'>δι,</span> <span class='ocrx_word' id='word_1_77' title='bbox 737 1988 772 2062; x_wconf 91' lang='lat' dir='ltr'>in</span> <span class='ocrx_word' id='word_1_78' title='bbox 785 1986 1072 2084; x_wconf 81' lang='lat' dir='ltr'>utraquesectione</span> <span class='ocrx_word' id='word_1_79' title='bbox 1084 1985 1184 2060; x_wconf 73' lang='lat' dir='ltr'>duur</span> <span class='ocrx_word' id='word_1_80' title='bbox 1197 1987 1312 2084; x_wconf 88' lang='lat' dir='ltr'>quavis</span> <span class='ocrx_word' id='word_1_81' title='bbox 1324 1987 1424 2074; x_wconf 69' lang='lat' dir='ltr'>recia,</span> <span class='ocrx_word' id='word_1_82' title='bbox 1442 2011 1520 2086; x_wconf 83' lang='lat' dir='ltr'>quae</span> <span class='ocrx_word' id='word_1_83' title='bbox 1531 1989 1649 2062; x_wconf 88' lang='lat' dir='ltr'>datum</span> 
     </span>
    </p>
   </div>
   <div class='ocr_carea' id='block_1_9' title="bbox 206 2083 1647 2186">
    <p class='ocr_par' dir='ltr' id='par_1_9' title="bbox 206 2083 1647 2186">
     <span class='ocr_line' id='line_1_12' title="bbox 206 2083 1647 2186; baseline -0.004 -21"><span class='ocrx_word' id='word_1_84' title='bbox 206 2123 208 2128; x_wconf 89' lang='lat'><em>·</em></span> <span class='ocrx_word' id='word_1_85' title='bbox 371 2113 452 2166; x_wconf 89' lang='lat' dir='ltr'>cum</span> <span class='ocrx_word' id='word_1_86' title='bbox 467 2113 540 2178; x_wconf 84' lang='lat' dir='ltr'>axe,</span> <span class='ocrx_word' id='word_1_87' title='bbox 577 2083 877 2163; x_wconf 56' lang='lat' dir='ltr'>versus‘utrarnvis</span> <span class='ocrx_word' id='word_1_88' title='bbox 897 2085 997 2184; x_wconf 83' lang='lat' dir='ltr'>ipfius</span> <span class='ocrx_word' id='word_1_89' title='bbox 1021 2105 1163 2186; x_wconf 83' lang='lat' dir='ltr'>partem,</span> <span class='ocrx_word' id='word_1_90' title='bbox 1192 2087 1453 2183; x_wconf 88' lang='lat' dir='ltr'>comprehendit</span> <span class='ocrx_word' id='word_1_91' title='bbox 1471 2089 1647 2183; x_wconf 78' lang='lat' dir='ltr'>angulum,</span> 
     </span>
    </p>
   </div>
   <div class='ocr_carea' id='block_1_10' title="bbox 373 2185 1649 2485">
    <p class='ocr_par' dir='ltr' id='par_1_10' title="bbox 373 2185 1649 2485">
     <span class='ocr_line' id='line_1_13' title="bbox 373 2185 1649 2286; baseline -0.002 -21"><span class='ocrx_word' id='word_1_92' title='bbox 373 2190 452 2265; x_wconf 89' lang='lat' dir='ltr'>huic</span> <span class='ocrx_word' id='word_1_93' title='bbox 467 2189 607 2262; x_wconf 88' lang='lat' dir='ltr'>ducatur</span> <span class='ocrx_word' id='word_1_94' title='bbox 619 2185 775 2286; x_wconf 74' lang='lat' dir='ltr'>parallelo</span> <span class='ocrx_word' id='word_1_95' title='bbox 799 2189 886 2262; x_wconf 72' lang='lat' dir='ltr'>reeta</span> <span class='ocrx_word' id='word_1_96' title='bbox 900 2207 979 2284; x_wconf 84' lang='lat' dir='ltr'>quae</span> <span class='ocrx_word' id='word_1_97' title='bbox 994 2185 1169 2264; x_wconf 70' lang='lat' dir='ltr'>sectionem</span> <span class='ocrx_word' id='word_1_98' title='bbox 1185 2191 1371 2283; x_wconf 83' lang='lat' dir='ltr'>contingat,</span> <span class='ocrx_word' id='word_1_99' title='bbox 1399 2193 1476 2282; x_wconf 91' lang='lat' dir='ltr'>(per</span> <span class='ocrx_word' id='word_1_100' title='bbox 1492 2187 1596 2284; x_wconf 91' lang='lat' dir='ltr'>Prop.</span> <span class='ocrx_word' id='word_1_101' title='bbox 1613 2187 1649 2263; x_wconf 85' lang='lat'>6.</span> 
     </span>
     <span class='ocr_line' id='line_1_14' title="bbox 374 2283 1649 2384; baseline -0.003 -20"><span class='ocrx_word' id='word_1_102' title='bbox 374 2289 433 2364; x_wconf 92' lang='lat' dir='ltr'>lib.</span> <span class='ocrx_word' id='word_1_103' title='bbox 452 2313 482 2364; x_wconf 89' lang='lat' dir='ltr'>r.</span> <span class='ocrx_word' id='word_1_104' title='bbox 503 2291 541 2362; x_wconf 80' lang='lat' dir='ltr'>dc</span> <span class='ocrx_word' id='word_1_105' title='bbox 553 2289 657 2383; x_wconf 87' lang='lat' dir='ltr'>Prop.</span> <span class='ocrx_word' id='word_1_106' title='bbox 675 2309 729 2360; x_wconf 85' lang='lat'>12.</span> <span class='ocrx_word' id='word_1_107' title='bbox 747 2285 805 2360; x_wconf 93' lang='lat' dir='ltr'>lib.</span> <span class='ocrx_word' id='word_1_108' title='bbox 820 2289 893 2380; x_wconf 79' lang='lat'><strong>2.)·:</strong></span> <span class='ocrx_word' id='word_1_109' title='bbox 921 2283 1131 2360; x_wconf 83' lang='lat' dir='ltr'>manifestum</span> <span class='ocrx_word' id='word_1_110' title='bbox 1155 2283 1204 2358; x_wconf 92' lang='lat' dir='ltr'>est</span> <span class='ocrx_word' id='word_1_111' title='bbox 1220 2285 1306 2358; x_wconf 82' lang='lat' dir='ltr'>hanc</span> <span class='ocrx_word' id='word_1_112' title='bbox 1320 2309 1398 2359; x_wconf 88' lang='lat' dir='ltr'>cum</span> <span class='ocrx_word' id='word_1_113' title='bbox 1411 2308 1471 2359; x_wconf 85' lang='lat' dir='ltr'>axe</span> <span class='ocrx_word' id='word_1_114' title='bbox 1485 2287 1649 2384; x_wconf 83' lang='lat' dir='ltr'><strong>angulum</strong></span> 
     </span>
     <span class='ocr_line' id='line_1_15' title="bbox 377 2384 1109 2485; baseline -0.004 -23"><span class='ocrx_word' id='word_1_115' title='bbox 377 2387 674 2485; x_wconf 85' lang='lat' dir='ltr'>comprehendere,</span> <span class='ocrx_word' id='word_1_116' title='bbox 704 2384 784 2459; x_wconf 89' lang='lat' dir='ltr'>dato</span> <span class='ocrx_word' id='word_1_117' title='bbox 795 2385 921 2482; x_wconf 81' lang='lat' dir='ltr'>angulo</span> <span class='ocrx_word' id='word_1_118' title='bbox 933 2386 1109 2482; x_wconf 76' lang='lat' dir='ltr'>aequalem.</span> 
     </span>
    </p>
   </div>
   <div class='ocr_carea' id='block_1_11' title="bbox 425 2468 1798 2584">
    <p class='ocr_par' dir='ltr' id='par_1_11' title="bbox 425 2468 1798 2584">
     <span class='ocr_line' id='line_1_16' title="bbox 425 2468 1798 2584; baseline -0.001 -24"><span class='ocrx_word' id='word_1_119' title='bbox 425 2487 467 2561; x_wconf 93' lang='lat' dir='ltr'>In</span> <span class='ocrx_word' id='word_1_120' title='bbox 494 2485 678 2583; x_wconf 82' lang='lat' dir='ltr'>hyperbola</span> <span class='ocrx_word' id='word_1_121' title='bbox 705 2503 816 2558; x_wconf 89' lang='lat' dir='ltr'>autern</span> <span class='ocrx_word' id='word_1_122' title='bbox 842 2484 1056 2558; x_wconf 84' lang='lat' dir='ltr'>inveniantur</span> <span class='ocrx_word' id='word_1_123' title='bbox 1082 2483 1286 2580; x_wconf 66' lang='lat' dir='ltr'>asymptotie</span> <span class='ocrx_word' id='word_1_124' title='bbox 1311 2469 1382 2569; x_wconf 64' lang='lat'>&#39;&amp;‚</span> <span class='ocrx_word' id='word_1_125' title='bbox 1410 2482 1509 2557; x_wconf 71' lang='lat' dir='ltr'>dueta</span> <span class='ocrx_word' id='word_1_126' title='bbox 1524 2483 1649 2584; x_wconf 61' lang='lat' dir='ltr'>‘quavis</span> <span class='ocrx_word' id='word_1_127' title='bbox 1793 2468 1798 2476; x_wconf 47' lang='lat'>¹</span> 
     </span>
    </p>
   </div>
   <div class='ocr_carea' id='block_1_12' title="bbox 376 2581 1707 3280">
    <p class='ocr_par' dir='ltr' id='par_1_12' title="bbox 376 2581 1707 3280">
     <span class='ocr_line' id='line_1_17' title="bbox 376 2581 1649 2683; baseline -0.002 -23"><span class='ocrx_word' id='word_1_128' title='bbox 376 2585 467 2660; x_wconf 75' lang='lat' dir='ltr'>rent</span> <span class='ocrx_word' id='word_1_129' title='bbox 482 2609 560 2683; x_wconf 84' lang='lat' dir='ltr'>quae</span> <span class='ocrx_word' id='word_1_130' title='bbox 574 2607 653 2658; x_wconf 89' lang='lat' dir='ltr'>cum</span> <span class='ocrx_word' id='word_1_131' title='bbox 670 2601 730 2657; x_wconf 79' lang='lat' dir='ltr'>ate</span> <span class='ocrx_word' id='word_1_132' title='bbox 753 2583 1009 2680; x_wconf 88' lang='lat' dir='ltr'>comprehendit</span> <span class='ocrx_word' id='word_1_133' title='bbox 1030 2585 1191 2682; x_wconf 85' lang='lat' dir='ltr'>angulum</span> <span class='ocrx_word' id='word_1_134' title='bbox 1215 2581 1341 2679; x_wconf 80' lang='lat' dir='ltr'>anguto</span> <span class='ocrx_word' id='word_1_135' title='bbox 1366 2582 1446 2655; x_wconf 85' lang='lat' dir='ltr'>dato</span> <span class='ocrx_word' id='word_1_136' title='bbox 1472 2585 1649 2682; x_wconf 83' lang='lat' dir='ltr'>aequalem,</span> 
     </span>
     <span class='ocr_line' id='line_1_18' title="bbox 377 2679 1650 2782; baseline -0.002 -24"><span class='ocrx_word' id='word_1_137' title='bbox 377 2684 456 2758; x_wconf 89' lang='lat' dir='ltr'>huic</span> <span class='ocrx_word' id='word_1_138' title='bbox 473 2684 611 2758; x_wconf 82' lang='lat' dir='ltr'>ducatur</span> <span class='ocrx_word' id='word_1_139' title='bbox 628 2679 783 2781; x_wconf 75' lang='lat' dir='ltr'>parallelo</span> <span class='ocrx_word' id='word_1_140' title='bbox 797 2706 874 2782; x_wconf 86' lang='lat' dir='ltr'>quae</span> <span class='ocrx_word' id='word_1_141' title='bbox 896 2680 1074 2757; x_wconf 71' lang='lat' dir='ltr'>sectionem</span> <span class='ocrx_word' id='word_1_142' title='bbox 1101 2683 1286 2779; x_wconf 78' lang='lat' dir='ltr'>contingat,</span> <span class='ocrx_word' id='word_1_143' title='bbox 1323 2687 1399 2779; x_wconf 92' lang='lat' dir='ltr'>(per</span> <span class='ocrx_word' id='word_1_144' title='bbox 1412 2701 1471 2772; x_wconf 81' lang='lat'>24.</span> <span class='ocrx_word' id='word_1_145' title='bbox 1500 2685 1557 2759; x_wconf 90' lang='lat' dir='ltr'>lrb.</span> <span class='ocrx_word' id='word_1_146' title='bbox 1571 2687 1650 2779; x_wconf 74' lang='lat'><strong>3.);</strong></span> 
     </span>
     <span class='ocr_line' id='line_1_19' title="bbox 376 2781 1652 2881; baseline -0.001 -24"><span class='ocrx_word' id='word_1_147' title='bbox 376 2783 420 2858; x_wconf 74' lang='lat' dir='ltr'>dt</span> <span class='ocrx_word' id='word_1_148' title='bbox 435 2782 697 2881; x_wconf 82' lang='lat' dir='ltr'>comprehendet</span> <span class='ocrx_word' id='word_1_149' title='bbox 709 2782 783 2856; x_wconf 79' lang='lat' dir='ltr'>haec</span> <span class='ocrx_word' id='word_1_150' title='bbox 797 2805 876 2856; x_wconf 90' lang='lat' dir='ltr'>cum</span> <span class='ocrx_word' id='word_1_151' title='bbox 886 2805 948 2856; x_wconf 87' lang='lat' dir='ltr'>axe</span> <span class='ocrx_word' id='word_1_152' title='bbox 961 2781 1214 2880; x_wconf 83' lang='lat' dir='ltr'>angulumdato</span> <span class='ocrx_word' id='word_1_153' title='bbox 1225 2781 1351 2880; x_wconf 83' lang='lat' dir='ltr'>angulo</span> <span class='ocrx_word' id='word_1_154' title='bbox 1367 2783 1541 2880; x_wconf 80' lang='lat' dir='ltr'>aequalem.</span> <span class='ocrx_word' id='word_1_155' title='bbox 1594 2781 1652 2856; x_wconf 81' lang='lat' dir='ltr'>Ex</span> 
     </span>
     <span class='ocr_line' id='line_1_20' title="bbox 378 2881 1652 2978; baseline -0.001 -22"><span class='ocrx_word' id='word_1_156' title='bbox 378 2884 656 2956; x_wconf 85' lang='lat' dir='ltr'>determinatione</span> <span class='ocrx_word' id='word_1_157' title='bbox 672 2900 784 2956; x_wconf 89' lang='lat' dir='ltr'>autem</span> <span class='ocrx_word' id='word_1_158' title='bbox 796 2881 1014 2956; x_wconf 81' lang='lat' dir='ltr'>Problematis</span> <span class='ocrx_word' id='word_1_159' title='bbox 1030 2883 1063 2956; x_wconf 92' lang='lat' dir='ltr'>in</span> <span class='ocrx_word' id='word_1_160' title='bbox 1077 2881 1308 2978; x_wconf 86' lang='lat' dir='ltr'>Proposrtione</span> <span class='ocrx_word' id='word_1_161' title='bbox 1322 2905 1378 2972; x_wconf 81' lang='lat'>24.</span> <span class='ocrx_word' id='word_1_162' title='bbox 1400 2881 1457 2956; x_wconf 88' lang='lat' dir='ltr'>lib.</span> <span class='ocrx_word' id='word_1_163' title='bbox 1473 2905 1504 2978; x_wconf 84' lang='lat'>3.</span> <span class='ocrx_word' id='word_1_164' title='bbox 1529 2881 1652 2955; x_wconf 76' lang='lat' dir='ltr'>necesse</span> 
     </span>
     <span class='ocr_line' id='line_1_21' title="bbox 378 2975 1653 3080; baseline 0 -26"><span class='ocrx_word' id='word_1_165' title='bbox 378 2981 428 3054; x_wconf 88' lang='lat' dir='ltr'>est</span> <span class='ocrx_word' id='word_1_166' title='bbox 445 2999 481 3055; x_wconf 93' lang='lat' dir='ltr'>ut</span> <span class='ocrx_word' id='word_1_167' title='bbox 497 2981 585 3054; x_wconf 68' lang='lat' dir='ltr'>tedia</span> <span class='ocrx_word' id='word_1_168' title='bbox 606 2975 706 3053; x_wconf 66' lang='lat' dir='ltr'>duda</span> <span class='ocrx_word' id='word_1_169' title='bbox 727 3000 907 3078; x_wconf 73' lang='lat' dir='ltr'>¹utramque</span> <span class='ocrx_word' id='word_1_170' title='bbox 921 2981 1065 3079; x_wconf 87' lang='lat' dir='ltr'>ejusdem</span> <span class='ocrx_word' id='word_1_171' title='bbox 1091 2979 1287 3080; x_wconf 80' lang='lat' dir='ltr'>hyperbolae</span> <span class='ocrx_word' id='word_1_172' title='bbox 1308 2979 1521 3078; x_wconf 86' lang='lat' dir='ltr'>asymptoton</span> <span class='ocrx_word' id='word_1_173' title='bbox 1544 2981 1653 3066; x_wconf 68' lang='lat' dir='ltr'>secete</span> 
     </span>
     <span class='ocr_line' id='line_1_22' title="bbox 378 3077 1653 3178; baseline 0.001 -26"><span class='ocrx_word' id='word_1_174' title='bbox 378 3081 447 3167; x_wconf 79' lang='lat' dir='ltr'>vel,</span> <span class='ocrx_word' id='word_1_175' title='bbox 471 3079 564 3178; x_wconf 88' lang='lat' dir='ltr'>quod</span> <span class='ocrx_word' id='word_1_176' title='bbox 591 3079 711 3152; x_wconf 89' lang='lat' dir='ltr'>eodem</span> <span class='ocrx_word' id='word_1_177' title='bbox 729 3077 827 3166; x_wconf 85' lang='lat' dir='ltr'>redit,</span> <span class='ocrx_word' id='word_1_178' title='bbox 852 3099 986 3176; x_wconf 86' lang='lat' dir='ltr'>oportet</span> <span class='ocrx_word' id='word_1_179' title='bbox 1001 3080 1118 3154; x_wconf 87' lang='lat' dir='ltr'>datum</span> <span class='ocrx_word' id='word_1_180' title='bbox 1141 3079 1303 3176; x_wconf 80' lang='lat' dir='ltr'>angulum</span> <span class='ocrx_word' id='word_1_181' title='bbox 1330 3099 1463 3153; x_wconf 89' lang='lat' dir='ltr'>acutum</span> <span class='ocrx_word' id='word_1_182' title='bbox 1491 3079 1653 3178; x_wconf 84' lang='lat' dir='ltr'>majorem</span> 
     </span>
     <span class='ocr_line' id='line_1_23' title="bbox 379 3173 1707 3280; baseline -0.001 -27"><span class='ocrx_word' id='word_1_183' title='bbox 379 3175 442 3253; x_wconf 84' lang='lat' dir='ltr'>effe</span> <span class='ocrx_word' id='word_1_184' title='bbox 456 3199 559 3277; x_wconf 81' lang='lat' dir='ltr'>quam</span> <span class='ocrx_word' id='word_1_185' title='bbox 575 3173 624 3252; x_wconf 86' lang='lat' dir='ltr'>est</span> <span class='ocrx_word' id='word_1_186' title='bbox 634 3177 815 3252; x_wconf 88' lang='lat' dir='ltr'>dimidium</span> <span class='ocrx_word' id='word_1_187' title='bbox 830 3175 898 3278; x_wconf 79' lang='lat' dir='ltr'>ejus</span> <span class='ocrx_word' id='word_1_188' title='bbox 913 3180 973 3278; x_wconf 88' lang='lat' dir='ltr'>qui</span> <span class='ocrx_word' id='word_1_189' title='bbox 986 3181 1030 3255; x_wconf 86' lang='lat' dir='ltr'>ab</span> <span class='ocrx_word' id='word_1_190' title='bbox 1041 3179 1235 3280; x_wconf 80' lang='lat' dir='ltr'>asyntptotis</span> <span class='ocrx_word' id='word_1_191' title='bbox 1251 3177 1554 3277; x_wconf 86' lang='lat' dir='ltr'>comprehenditur.</span> <span class='ocrx_word' id='word_1_192' title='bbox 1703 3227 1707 3242; x_wconf 51' lang='grc' dir='ltr'><strong>ι</strong></span> 
     </span>
    </p>
   </div>
   <div class='ocr_carea' id='block_1_13' title="bbox 380 3373 1656 3676">
    <p class='ocr_par' dir='ltr' id='par_1_13' title="bbox 380 3373 1656 3676">
     <span class='ocr_line' id='line_1_24' title="bbox 430 3373 1654 3478; baseline -0.002 -26"><span class='ocrx_word' id='word_1_193' title='bbox 430 3377 529 3452; x_wconf 82' lang='lat' dir='ltr'>Con.</span> <span class='ocrx_word' id='word_1_194' title='bbox 555 3373 605 3450; x_wconf 88' lang='lat' dir='ltr'>Et</span> <span class='ocrx_word' id='word_1_195' title='bbox 620 3374 740 3451; x_wconf 90' lang='lat' dir='ltr'>eodem</span> <span class='ocrx_word' id='word_1_196' title='bbox 751 3378 884 3475; x_wconf 84' lang='lat' dir='ltr'>prorsus</span> <span class='ocrx_word' id='word_1_197' title='bbox 892 3377 1000 3452; x_wconf 90' lang='lat' dir='ltr'>modo</span> <span class='ocrx_word' id='word_1_198' title='bbox 1011 3377 1152 3453; x_wconf 86' lang='lat' dir='ltr'>inveniri</span> <span class='ocrx_word' id='word_1_199' title='bbox 1165 3376 1288 3478; x_wconf 92' lang='lat' dir='ltr'>poterit</span> <span class='ocrx_word' id='word_1_200' title='bbox 1301 3377 1400 3464; x_wconf 74' lang='lat' dir='ltr'>reeta,</span> <span class='ocrx_word' id='word_1_201' title='bbox 1424 3398 1501 3476; x_wconf 85' lang='lat' dir='ltr'>quae</span> <span class='ocrx_word' id='word_1_202' title='bbox 1515 3377 1654 3474; x_wconf 85' lang='lat' dir='ltr'>parabo·</span> 
     </span>
     <span class='ocr_line' id='line_1_25' title="bbox 380 3473 1654 3578; baseline -0.002 -28"><span class='ocrx_word' id='word_1_203' title='bbox 380 3478 449 3578; x_wconf 76' lang='lat' dir='ltr'>iarn</span> <span class='ocrx_word' id='word_1_204' title='bbox 477 3477 642 3576; x_wconf 89' lang='lat' dir='ltr'>politione</span> <span class='ocrx_word' id='word_1_205' title='bbox 662 3475 775 3550; x_wconf 89' lang='lat' dir='ltr'>datam</span> <span class='ocrx_word' id='word_1_206' title='bbox 795 3477 981 3575; x_wconf 81' lang='lat' dir='ltr'>contingat,</span> <span class='ocrx_word' id='word_1_207' title='bbox 1008 3473 1181 3578; x_wconf 68' lang='lat' dir='ltr'>secatque,</span> <span class='ocrx_word' id='word_1_208' title='bbox 1206 3501 1284 3550; x_wconf 89' lang='lat' dir='ltr'>cum</span> <span class='ocrx_word' id='word_1_209' title='bbox 1313 3478 1478 3550; x_wconf 85' lang='lat' dir='ltr'>diametro</span> <span class='ocrx_word' id='word_1_210' title='bbox 1499 3501 1654 3574; x_wconf 88' lang='lat' dir='ltr'>percon-</span> 
     </span>
     <span class='ocr_line' id='line_1_26' title="bbox 381 3574 1656 3676; baseline -0.003 -24"><span class='ocrx_word' id='word_1_211' title='bbox 381 3577 521 3666; x_wconf 75' lang='lat' dir='ltr'>nuum,</span> <span class='ocrx_word' id='word_1_212' title='bbox 553 3574 716 3674; x_wconf 78' lang='lat' dir='ltr'>angulum</span> <span class='ocrx_word' id='word_1_213' title='bbox 731 3574 811 3650; x_wconf 90' lang='lat' dir='ltr'>dato</span> <span class='ocrx_word' id='word_1_214' title='bbox 821 3578 948 3674; x_wconf 85' lang='lat' dir='ltr'>angulo</span> <span class='ocrx_word' id='word_1_215' title='bbox 964 3599 1062 3652; x_wconf 88' lang='lat' dir='ltr'>acuto</span> <span class='ocrx_word' id='word_1_216' title='bbox 1074 3578 1259 3676; x_wconf 72' lang='lat' dir='ltr'>aequalem:</span> <span class='ocrx_word' id='word_1_217' title='bbox 1287 3579 1415 3675; x_wconf 70' lang='lat' dir='ltr'>quaevis</span> <span class='ocrx_word' id='word_1_218' title='bbox 1431 3577 1523 3656; x_wconf 89' lang='lat' dir='ltr'>enim</span> <span class='ocrx_word' id='word_1_219' title='bbox 1540 3578 1573 3649; x_wconf 89' lang='lat' dir='ltr'>in</span> <span class='ocrx_word' id='word_1_220' title='bbox 1596 3599 1656 3672; x_wconf 79' lang='lat' dir='ltr'>pa·</span> 
     </span>
    </p>
   </div>
   <div class='ocr_carea' id='block_1_14' title="bbox 379 3675 1656 3876">
    <p class='ocr_par' dir='ltr' id='par_1_14' title="bbox 379 3675 1656 3876">
     <span class='ocr_line' id='line_1_27' title="bbox 379 3675 1656 3849; baseline -0.002 -99"><span class='ocrx_word' id='word_1_221' title='bbox 379 3676 494 3849; x_wconf 42' lang='lat' dir='ltr'>tippula</span> <span class='ocrx_word' id='word_1_222' title='bbox 513 3675 674 3848; x_wconf 66' lang='lat' dir='ltr'>diampter</span> <span class='ocrx_word' id='word_1_223' title='bbox 694 3677 747 3750; x_wconf 82' lang='lat' dir='ltr'>axi</span> <span class='ocrx_word' id='word_1_224' title='bbox 774 3675 930 3776; x_wconf 70' lang='lat' dir='ltr'>parallelo</span> <span class='ocrx_word' id='word_1_225' title='bbox 945 3676 1006 3767; x_wconf 86' lang='lat' dir='ltr'>est,</span> <span class='ocrx_word' id='word_1_226' title='bbox 1033 3675 1172 3776; x_wconf 90' lang='lat' dir='ltr'>ideoque</span> <span class='ocrx_word' id='word_1_227' title='bbox 1187 3677 1328 3774; x_wconf 79' lang='lat' dir='ltr'>aequalet</span> <span class='ocrx_word' id='word_1_228' title='bbox 1343 3699 1423 3749; x_wconf 91' lang='lat' dir='ltr'>cum</span> <span class='ocrx_word' id='word_1_229' title='bbox 1437 3676 1656 3774; x_wconf 78' lang='lat' dir='ltr'>contingente</span> 
     </span>
     <span class='ocr_line' id='line_1_28' title="bbox 436 3793 673 3876; baseline 0.017 -28"><span class='ocrx_word' id='word_1_230' title='bbox 436 3793 505 3851; x_wconf 85' lang='lat' dir='ltr'>tent</span> <span class='ocrx_word' id='word_1_231' title='bbox 521 3799 613 3876; x_wconf 84' lang='lat' dir='ltr'>angu</span> <span class='ocrx_word' id='word_1_232' title='bbox 624 3797 673 3852; x_wconf 78' lang='lat' dir='ltr'>ot.</span> 
     </span>
    </p>
   </div>
   <div class='ocr_carea' id='block_1_15' title="bbox 543 4069 1400 4194">
    <p class='ocr_par' dir='ltr' id='par_1_15' title="bbox 543 4069 1400 4194">
     <span class='ocr_line' id='line_1_29' title="bbox 543 4069 1400 4194; baseline -0.005 -42"><span class='ocrx_word' id='word_1_233' title='bbox 543 4185 547 4194; x_wconf 18' lang='grc' dir='ltr'><strong><em>Ι</em></strong></span> <span class='ocrx_word' id='word_1_234' title='bbox 637 4069 876 4152; x_wconf 72' lang='lat' dir='ltr'>enon</span> <span class='ocrx_word' id='word_1_235' title='bbox 943 4069 1008 4150; x_wconf 79' lang='lat' dir='ltr'>w.</span> <span class='ocrx_word' id='word_1_236' title='bbox 1125 4071 1400 4149; x_wconf 63' lang='lat' dir='ltr'>naono</span> 
     </span>
    </p>
   </div>
   <div class='ocr_carea' id='block_1_16' title="bbox 384 4199 1660 4536">
    <p class='ocr_par' dir='ltr' id='par_1_16' title="bbox 384 4199 1660 4536">
     <span class='ocr_line' id='line_1_30' title="bbox 384 4199 1655 4349; baseline -0.005 -27"><span class='ocrx_word' id='word_1_237' title='bbox 384 4240 488 4322; x_wconf 84' lang='lat' dir='ltr'>Datis</span> <span class='ocrx_word' id='word_1_238' title='bbox 505 4237 677 4349; x_wconf 83' lang='lat' dir='ltr'>politione</span> <span class='ocrx_word' id='word_1_239' title='bbox 702 4241 743 4324; x_wconf 76' lang='lat' dir='ltr'>dt</span> <span class='ocrx_word' id='word_1_240' title='bbox 761 4199 1008 4349; x_wconf 84' lang='lat' dir='ltr'>magnitudine</span> <span class='ocrx_word' id='word_1_241' title='bbox 1032 4240 1170 4319; x_wconf 87' lang='lat' dir='ltr'>duabus</span> <span class='ocrx_word' id='word_1_242' title='bbox 1196 4239 1352 4347; x_wconf 86' lang='lat' dir='ltr'>ellipseos</span> <span class='ocrx_word' id='word_1_243' title='bbox 1369 4228 1549 4319; x_wconf 85' lang='lat' dir='ltr'>diametris</span> <span class='ocrx_word' id='word_1_244' title='bbox 1567 4263 1655 4316; x_wconf 89' lang='lat' dir='ltr'>con-</span> 
     </span>
     <span class='ocr_line' id='line_1_31' title="bbox 431 4349 1660 4536; baseline -0.002 -106"><span class='ocrx_word' id='word_1_245' title='bbox 431 4349 575 4460; x_wconf 79' lang='lat' dir='ltr'>jugatis,</span> <span class='ocrx_word' id='word_1_246' title='bbox 601 4349 684 4433; x_wconf 84' lang='lat' dir='ltr'>aliae</span> <span class='ocrx_word' id='word_1_247' title='bbox 699 4353 787 4434; x_wconf 79' lang='lat' dir='ltr'>duaa</span> <span class='ocrx_word' id='word_1_248' title='bbox 810 4350 1200 4520; x_wconf 80' lang='lat' dir='ltr'>conjugatasiuvenire,</span> <span class='ocrx_word' id='word_1_249' title='bbox 1229 4375 1309 4458; x_wconf 77' lang='lat' dir='ltr'>quae</span> <span class='ocrx_word' id='word_1_250' title='bbox 1326 4350 1456 4432; x_wconf 82' lang='lat' dir='ltr'>iaciant</span> <span class='ocrx_word' id='word_1_251' title='bbox 1478 4349 1660 4536; x_wconf 51' lang='lat' dir='ltr'>angugrppp</span> 
     </span>
    </p>
   </div>
   <div class='ocr_carea' id='block_1_17' title="bbox 0 0 1888 5324">
    <p class='ocr_par' dir='ltr' id='par_1_17' title="bbox 0 0 1888 5324">
     <span class='ocr_line' id='line_1_32' title="bbox 0 0 1888 5324; baseline 0 0"><span class='ocrx_word' id='word_1_252' title='bbox 0 0 1888 5324; x_wconf 95' lang='lat' dir='ltr'> </span> 
     </span>
    </p>
   </div>
  </div>
 </body>
</html>
