3716 5324
382 475 466 562 '140
531 443 938 564 SECTIONUM
983 445 1405 535 CONICARUM
1453 454 1608 568 Libat.

288 695 291 708 .
386 647 461 704 tum
477 653 518 705 ex
541 627 850 728 segntentoprimae
866 624 1044 725 parallelae',
1070 627 1155 700 inter
1172 607 1296 702 ietiam
1312 627 1502 726 asymptoto
1523 628 1664 726 paralle-

256 817 260 825 ,
387 728 470 818 lam,
504 731 542 802 &
555 730 718 826 punitum
736 729 770 800 in
794 751 864 827 quo
881 726 990 823 prima
1007 727 1063 799 illa
1076 725 1253 799 setlionem
1275 729 1469 824 contingit;
1501 728 1569 816 vel,
1600 730 1665 818 etit

388 829 588 930 quadratum
612 852 653 900 ex
674 827 845 924 segmento
873 827 994 921 primae
1018 823 1213 922 parallelae,'
1230 827 1315 899 inter
1332 827 1455 899 retiam
1471 827 1663 924 asymptoto

366 929 592 1026 parallelum,
613 927 671 999 «ὅτι
688 927 852 1023 punitum
877 925 910 996 in
938 947 1008 1024 quo
1033 923 1193 998 diameter
1208 925 1262 997 cui
1278 924 1459 998 ordinatim
1487 928 1664 1022 applicata

388 1027 464 1100 sunt
488 1025 655 1123 parallelae
678 1025 798 1122 primae
815 1025 926 1110 reela,
948 1023 1057 1096 eidem
1074 1024 1216 1096 occurrit
1235 1023 1331 1097 simul
1348 1047 1426 1108 curn
1448 1023 1553 1120 spatio
1583 1047 1663 1120 pro-

389 1125 568 1222 portionali
596 1125 688 1222 quod
713 1122 822 1196 eidem
851 1123 970 1218 primae
995 1123 1177 1195 convenit:
1210 1121 1252 1194 ad
1280 1123 1522 1217 reilangulum,
1549 1124 1603 1194 vel
1619 1121 1664 1194 ad
1715 1209 1719 1214 Ι

390 1225 606 1324 quadratum,
632 1221 686 1314 vel
703 1222 744 1296 ad
761 1221 963 1320 quadratum
978 1219 1173 1318 &spatium
1190 1221 1438 1318 proportionale
1454 1219 1604 1293 limiliter
1620 1221 1667 1292 ad

390 1323 567 1398 secundam
585 1322 776 1420 parallelam
792 1320 914 1394 relata:
943 1339 981 1393 ut
1002 1321 1210 1416 segmentum
1227 1324 1326 1394 reetae
1351 1324 1542 1415 alymptoto
1558 1317 1676 1415 paral·'

391 1422 478 1510 lelae,
506 1423 591 1495 inter
603 1423 765 1519 punitum
780 1420 812 1492 in
830 1443 900 1519 quo
912 1419 1046 1493 setlioni
1059 1418 1220 1505 occurrit,
1235 1419 1271 1490 δε
1289 1419 1434 1514 primam
1449 1417 1666 1514 parallelamr

391 1520 434 1594 ad
461 1520 669 1618 segmentum
699 1517 844 1616 ejusdem
869 1519 982 1606 reiiae,
1014 1541 1092 1614 quae
1111 1513 1301 1620 asumptoto
1319 1515 1550 1614 parallelaest,
1580 1517 1667 1588 inter
1733 1563 1735 1568 -

238 1609 243 1620 ’
391 1611 483 1694 idem
510 1619 674 1715 punitum
701 1619 862 1705 occurlus,
884 1618 922 1689 δι
944 1615 1119 1690 secundam
1136 1615 1339 1713 parallelum,
1371 1615 1564 1720 (perProp.
1580 1614 1667 1694 hane
1718 1631 1721 1640 ’

393 1719 432 1794 δι
451 1743 479 1792 t.
497 1720 564 1793 6..

442 1725 549 1891 Con.)
553 1839 586 1890 2.
613 1815 660 1888 Et
678 1815 700 1888 fi
715 1814 815 1898 teila,
848 1813 955 1886 neutri
971 1812 1163 1909 asymptoto
1182 1811 1348 1910 parallelo,
1379 1830 1529 1884 occurrat
1540 1811 1667 1888 duabus

393 1915 501 2008 restis,
529 1939 608 2012 quae
623 1915 708 1986 inter
721 1913 763 2000 se,
792 1913 829 1984 &
844 1913 903 1984 uni
919 1911 1133 2008 asymptotrin
1149 1911 1221 1982 sunt
1236 1912 1424 2006 parallelae·,
1456 1911 1524 1999 vel,
1550 1909 1574 1982 sa
1590 1911 1668 1983 duae

309 2077 313 2086 .
394 2016 495 2092 'reeta
521 2013 669 2100 iurasse,
706 2001 758 2086 leil
789 2012 895 2082 neutri
922 2011 1112 2108 asymptoto
1138 2009 1316 2106 parallelae,
1344 2029 1518 2082 occurrant
1541 2009 1668 2082 duabus

394 2115 490 2187 reiiis
507 2112 593 2184 inter
610 2111 654 2199 se,
684 2111 722 2185 &
743 2111 800 2183 uni
814 2109 1029 2206 asyrnptoton
1047 2108 1240 2204 parallelis:
1267 2105 1384 2181 similia
1405 2109 1597 2204 sequentur,
1624 2133 1669 2182 tx

394 2211 456 2286 hac
473 2205 723 2310 Propolitione,
749 2210 787 2282 iis
801 2231 878 2308 quae
894 2209 927 2280 in
950 2235 1003 2304 15.
1022 2205 1091 2304 huj.
1107 2205 1232 2280 ostensa
1248 2202 1381 2280 luerunt
1394 2231 1437 2281 etr
1454 2232 1511 2298 14.

784 2469 1285 2580 sennarum

446 2705 587 2803 Utraque
606 2702 786 2802 Proposttio,
817 2725 872 2792 14.
884 2705 966 2794 seiz.
982 2701 1026 2778 is?
1044 2722 1102 2795 23.
1116 2699 1173 2794 sar
1188 2700 1281 2773 babet
1296 2703 1405 2794 rufius:
1437 2723 1564 2795 quorum
1589 2715 1668 2789 tres,

369 2851 372 2866 ·
395 2808 423 2880 ii
438 2809 586 2880 nimirum
601 2805 636 2895 in
658 2804 766 2903 quibus
790 2825 853 2874 una
876 2805 930 2875 vel
948 2817 1078 2896 utraque
1093 2808 1248 2872 renerum
1260 2801 1424 2895 settionem
1439 2803 1572 2872 corticum
1580 2802 1669 2894 fieret
1792 2825 1795 2832 ·

395 2903 452 2978 vel
481 2903 644 3000 contingit,
675 2901 865 2996 affiniatem
893 2905 977 2974 inter
999 2903 1175 2994 precipuum
1200 2900 1311 2972 harum
1328 2901 1496 2996 stilianum
1522 2899 1671 2996 bucusque

301 2997 304 3006 ’
396 3007 536 3098 cognitas
557 3007 667 3076 merito
693 3000 900 3090 estimandum
919 3005 1084 3072 continent.
1138 2998 1239 3096 Atque
1264 2999 1320 3070 hos
1340 2997 1427 3093 costas
1440 2997 1668 3086 Archimedem,

396 3099 700 3268 maximamstltem
721 3115 861 3194 partem,
890 3097 1070 3196 cognovrffi‚
1102 3096 1216 3194 liquido
1243 3097 1369 3190 rorstm,
1407 3112 1473 3170 turn
1487 3120 1525 3172 err
1540 3101 1583 3170 iis
1605 3121 1671 3194 que

396 3200 495 3291 Prop.
512 3220 548 3287 4.
596 3223 614 3270 e
630 3197 837 3271 Conoidibus
855 3196 897 3274 ὃ
912 3195 1162 3294 Sphaeroidibus
1174 3201 1360 3293 premittit,
1388 3211 1454 3270 turn
1482 3221 1520 3268 ex
1543 3195 1674 3292 e'J'quem

397 3296 476 3368 libri
492 3297 610 3390 Propp.
631 3319 686 3391 13·
707 3321 761 3386 14·
782 3321 837 3392 15·
863 3295 1044 3390 Apollonius
1060 3319 1136 3368 vero
1150 3295 1374 3393 eosdemomnes
1389 3300 1553 3390 trescasas
1569 3295 1670 3371 inlib.

397 3395 605 3494 Conicotum
620 3419 652 3490 3.
671 3395 875 3491 aProp.‘16.
895 3395 938 3468 at
950 3421 969 3468 2
975 3395 1007 3492 3'.
1026 3389 1221 3489 demorfiratss
1274 3395 1403 3494 Reliqui
1417 3410 1521 3467 nutem
1538 3409 1604 3467 tres
1620 3391 1673 3468 'ra-

388 3497 459 3592 sus,
481 3499 515 3568 in
531 3493 639 3594 quibus
646 3497 728 3592 seiz.
746 3519 808 3568 una
824 3494 1024 3596 octonaque
1040 3497 1334 3590 rettarrrrnsetiioni
1356 3499 1465 3566 conice
1484 3519 1544 3566 non
1567 3518 1672 3566 occur-
1740 3483 1747 3498 ’

396 3599 456 3684 tit,
482 3593 679 3690 Apollonium
695 3594 825 3692 aliosqru
838 3595 1020 3667 Geometras
1036 3594 1183 3668 botlenus
1200 3593 1318 3693 latutffe
1328 3594 1497 3667 videntur.¹
1541 3593 1590 3665 Et
1603 3599 1672 3691 qut}

397 3693 465 3766 dem
480 3719 539 3768 non
563 3692 663 3784 facile
678 3697 712 3765 in
739 3708 869 3782 mentem
885 3693 983 3765 alicui
1005 3699 1140 3781 veniret,
1170 3703 1273 3767 retias
1296 3709 1387 3766 extra
1406 3697 1570 3790 senionem
1587 3695 1673 3784 sttas

397 3789 526 3866 eandem
530 3795 647 3888 sortiri
662 3791 853 3888 afflationem
875 3815 941 3864 rum
956 3796 999 3864 iis
1027 3817 1092 3890 qua
1098 3795 1261 3888 setiionem
1269 3793 1377 3886 secant
1398 3791 1455 3866 vel
1477 3795 1668 3888 contingunt.

368 3965 372 3976 ,
399 3889 541 3968 Eandem
558 3907 661 3964 tamen
676 3891 834 3964 obtinent:
871 3915 943 3964 narn
958 3890 1047 3964 nulla*
1066 3890 1135 3964 alia⁴
1158 3914 1193 3962 re
1209 3889 1317 3986 differt
1342 3891 1428 3987 casus
1455 3894 1490 3962 in
1513 3915 1569 3989 quo
1585 3897 1675 3963 retia

388 3993 521 4084 [aaron
535 4015 594 4063 non
610 3995 757 4077 occurrit,
789 3989 830 4062 ab
846 4013 879 4062 eo
895 3997 929 4062 in
955 4015 1011 4086 quo
1027 3988 1151 4061 eandem
1169 3993 1269 4086 secat,
1301 4006 1512 4086 preterquam
1535 3989 1616 4086 quod
1639 3994 1674 4062 in

382 4090 466 4178 'boa
498 4089 650 4186 ceresium
689 4101 723 4162 r'n
751 4089 806 4179 isto
829 4106 945 4177 autern,
972 4107 1095 4187 summu
1122 4087 1250 4162 duorum
1272 4089 1447 4186 spatiorum
1474 4089 1672 4162 adhibeatur.

222 4211 230 4224 ·
327 4207 328 4214 ’
400 4191 581 4268 Generalrru
594 4187 723 4284 proinde
737 4187 817 4262 banc
825 4188 995 4290 [ortianum
1009 4193 1183 4264 canicorum
1198 4187 1389 4292 offlliionem
1405 4187 1675 4362 duplofflm

327 4315 331 4326 ·
905 4318 908 4324 ·
1460 4309 1495 4360 ra
1579 4311 1675 4373 mut·²
