3664 5332
344 465 395 620 92
470 442 876 589 secutouunr
905 499 1340 588 corurcnnunr
1382 507 1562 594 uuna

343 681 464 756 cundae
477 682 632 756 diametri
654 681 755 755 duna
769 680 831 768 est,
856 681 899 754 ad
922 681 1153 778 redangulum
1172 679 1274 757 DEd.
1323 681 1465 757 Constat
1490 709 1534 759 ex
1559 685 1621 760 lrac

344 782 590 882 Proposrtione‚
609 783 646 856 dt
664 785 730 878 28,
741 779 849 878 hujus

602 1147 606 1154 ,
716 1017 999 1132 'enon
1077 1057 1197 1133 xnrr.

193 1222 384 1331 Frjgaaffi
407 1251 427 1304 a
452 1223 606 1302 termino
631 1223 662 1301 B
689 1220 849 1300 secunda
865 1221 1030 1301 diametri
1049 1223 1114 1302 CB
1133 1225 1281 1305 ducatur
1299 1207 1362 1304 BF
1379 1223 1542 1331 parallela
1560 1251 1620 1304 or-

249 1359 251 1367 ’
398 1333 553 1414 dinatim
571 1331 752 1440 applicatis
770 1331 948 1410 diametro
964 1331 1074 1410 cuivis
1090 1335 1162 1432 Dd,
1192 1335 1231 1412 dc
1254 1333 1328 1411 ΒΗ
1357 1333 1520 1440 parallela
1543 1337 1620 1414 dia-

399 1462 518 1523 metro
535 1445 605 1521 CA
624 1469 708 1550 quae
734 1440 798 1548 ipti
817 1443 882 1520 CB
899 1439 1088 1548 conjugata
1114 1443 1177 1541 est,
1207 1444 1388 1521 diametro
1405 1439 1467 1524 Dd
1492 1471 1622 1524 occur-

399 1580 478 1632 rens
496 1554 531 1631 in
548 1554 614 1644 H;
643 1555 709 1632 erit
733 1551 992 1630 semidiameter
1012 1553 1086 1630 ct>
1103 1554 1223 1632 media
1240 1552 1511 1659 proportionalis
1528 1555 1621 1634 inter

399 1663 487 1770 ipsas
505 1663 583 1760 CF,
610 1663 698 1744 CH.
723 1666 727 1674 ’
1250 1717 1252 1722 -

395 1869 490 1942 Nam
517 1867 676 1942 terminus
692 1868 721 1940 B
736 1865 887 1940 secundae
901 1865 1056 1940 diametri
1070 1865 1118 1940 est
1134 1867 1167 1939 in
1186 1868 1368 1964 hyperbole
1383 1866 1557 1964 adjacenti,
1584 1870 1621 1944 ὅτ

346 1969 399 2046 est
423 1969 492 2040 CA
513 1966 652 2040 secunda
678 1965 837 2038 diameter
862 1963 1006 2061 ejusdem
1033 1967 1239 2062 hyperbolae,
1264 1969 1361 2060 (Cor.
1379 1995 1408 2041 1.
1427 1991 1487 2058 40.
1506 1967 1621 2066 huj.);

345 2092 446 2166 quare
462 2057 532 2142 BH
548 2065 688 2138 eandem
703 2064 883 2161 contingit,
911 2066 1007 2157 (Del.
1024 2074 1123 2159 11.):
1158 2090 1241 2162 ergo
1263 2067 1529 2164 proportionales
1545 2072 1620 2141 sunt

216 2217 229 2244 .·
347 2167 421 2256 CF,
438 2166 519 2252 CD,
537 2165 621 2252 CH,
639 2171 714 2261 (33.
730 2162 834 2261 huj.).
956 2171 959 2179 '
1255 2203 1258 2210 v

394 2325 495 2438 Coa.¹
517 2363 630 2436 Tenet
646 2363 747 2437 etiam
759 2363 951 2458 Proposrtio
963 2387 981 2457 3
988 2387 1020 2457 5.
1042 2362 1120 2436 huic
1134 2363 1219 2438 casui
1233 2362 1498 2439 accommodata

754 2671 786 2746 P
811 2673 845 2745 R
871 2670 907 2742 Ο
933 2672 972 2746 Ρ.
1056 2671 1199 2750 XLIll.

344 2837 380 2920 Si
399 2865 421 2920 a
439 2836 599 2922 terminis
621 2835 883 2920 diametrorum
911 2837 1184 2945 conjugatarum
1213 2835 1417 2946 hyperbolae
1442 2837 1619 2918 ducantur

396 2947 443 3029 ad
462 2949 602 3028 tertiam
628 2948 830 3054 quamlibet
847 2949 1066 3028 diametrum
1091 2949 1323 3028 transversam
1340 2949 1534 3029 ordinatim
1555 2948 1621 3055 ipsa

386 3055 594 3164 applicata,
621 3059 688 3136 erit
704 3057 923 3163 quadratum
941 3082 986 3136 ex
1004 3060 1187 3165 segmento
1213 3058 1323 3136 tertiae
1344 3058 1510 3139 diametri
1528 3060 1621 3137 inter

396 3167 546 3246 nuttam
578 3193 598 3244 a
629 3167 788 3245 termino
807 3165 972 3246 diametri
1003 3166 1199 3246 transversae
1218 3169 1257 3266 dt
1274 3188 1455 3266 centrum,
1483 3165 1620 3274 aequale

395 3276 571 3384 quadrato
588 3302 634 3356 ex
661 3276 845 3384 segmento
861 3275 1020 3381 ejusdem
1039 3276 1154 3356 tertiae.
1167 3277 1333 3358 diametri
1360 3279 1451 3358 inter
1468 3277 1619 3356 alteram

396 3387 547 3466 ductam
566 3387 605 3466 te
623 3406 804 3487 centrum,
832 3385 942 3466 fimul
964 3414 1052 3466 curn
1080 3387 1255 3494 quadrato
1281 3413 1328 3466 ex
1355 3389 1620 3468 semidiametro

324 3575 329 3586 ,
351 3527 363 3588 1
395 3497 440 3577 ad
457 3493 572 3604 quam
589 3496 797 3576 ducuntur:
823 3498 1042 3602 quadratum
1057 3524 1144 3577 vero
1158 3523 1205 3576 ex
1218 3498 1402 3604 segmento
1420 3497 1619 3575 tertiaedia-

394 3607 517 3704 metri,
545 3606 637 3686 inter
648 3606 828 3686 ductama
848 3607 1003 3686 termino
1017 3606 1181 3686 diametri
1200 3607 1361 3687 secundae
1376 3610 1616 3704 decennem,

395 3716 531 3829 equale
549 3716 615 3796 erit
632 3715 839 3822 tetlangulo
865 3734 1035 3797 contento
1061 3717 1250 3823 segmentis
1274 3716 1384 3796 tertiae
1412 3718 1503 3796 inter
1520 3716 1619 3796 ordi-

395 3827 683 3905 natamductam
703 3853 724 3905 a
741 3825 898 3906 termino
917 3826 1083 3906 diametri
1101 3824 1298 3907 transversa
1316 3827 1518 3910 &vertices
1539 3827 1618 3905 dia·
1711 3827 1714 3832 ’

396 3933 504 4014 merri
521 3937 641 4016 tertia.

186 4152 323 4249 ΕΜ.
387 4141 463 4215 Sint
482 4141 678 4238 hyperbolae
704 4145 883 4242 opposita,
908 4166 1050 4241 quarum
1074 4138 1408 4226 CAsemidiameter
1424 4141 1617 4228 transtrersa,

290 4291 292 4298 -
342 4240 380 4314 δι
394 4243 455 4316 CB
469 4241 607 4315 secunda
624 4243 685 4339 ipsr
703 4243 892 4338 conjugata,
924 4244 1027 4338 sitque
1043 4241 1103 4313 Dd
1115 4242 1245 4414 puaevis
1263 4242 1325 4316 alia
1340 4241 1503 4314 diameter·
1516 4241 1615 4314 trani

186 4377 194 4390 ·
304 4338 456 4425 'versae
482 4340 714 4418 &aterminis
728 4344 778 4430 A,
806 4340 1115 4416 BducanturadD
1150 4340 1332 4416 ordinatim
1344 4341 1520 4440 applicatae
1531 4339 1615 4426 AE,
1701 4387 1704 4392 -
1822 4353 1824 4356 ’

1533 4439 1618 4512 BF:
