3736 5330
563 499 1240 626 ΙὶοΕιιιΡει.Ι
1453 531 1503 614 27

280 675 382 750 VIII.
409 673 516 748 Retta
531 674 671 773 quaevis,
698 697 757 770 per
781 690 931 745 centrum
949 698 1016 746 non
1036 674 1202 759 transiens,
1228 675 1334 769 ellipfi
1360 699 1441 748 vero
1466 696 1503 751 u:

229 775 363 873 trinque
378 774 563 860 terminata,
592 776 629 846 ὅτ
645 797 664 844 a
680 773 844 844 diametro
861 773 1012 846 bifariam
1028 773 1124 859 lefta,
1143 771 1324 844 Ordinatim
1340 773 1507 850 diametro

230 875 400 967 applicata,
424 873 478 945 vel
496 873 700 968 simpliciter,
715 870 874 942 Ordinato
889 871 1052 943 diametro
1065 872 1153 957 huic,
1176 873 1319 946 dicitur:
1348 873 1385 944 δε
1402 875 1505 954 etiam.

231 975 392 1044 diameter
408 995 486 1067 quae
503 971 656 1067 parallela
670 970 716 1042 est
731 974 840 1055 redae,
865 995 942 1066 quae
956 970 1136 1042 ordinatim
1149 969 1312 1043 diametro
1334 973 1426 1044 alteri
1443 999 1503 1070 ap

231 1072 387 1168 plicatur,
414 1070 490 1140 huic
506 1069 673 1140 ordinatim
689 1069 843 1162 applicari
861 1069 994 1143 dicitur.

279 1171 347 1242 IX.
374 1169 490 1240 Tertia
519 1167 776 1265 proportionalis
805 1169 930 1238 duabus
964 1168 1134 1240 diametris
1172 1166 1367 1264 conjugata,
1398 1173 1502 1242 Latus

230 1277 357 1353 reatum,
376 1267 443 1338 stve
456 1267 652 1354 Parametrr,
671 1284 808 1338 vocatur
827 1265 894 1363 ejus
910 1266 1077 1353 diametri,
1099 1289 1177 1364 quae
1202 1267 1248 1339 est
1265 1268 1374 1362 prima
1400 1273 1500 1343 trium

202 1362 210 1376 ’
229 1365 541 1464 proportionalium.

278 1465 473 1554 mnata,
498 1489 576 1562 quae
603 1466 637 1537 in
668 1464 767 1536 unico
795 1464 921 1559 pundo
951 1463 1057 1561 ellipfi
1086 1464 1240 1552 occurrit,
1270 1464 1373 1561 ipsam
1401 1467 1434 1539 in
1460 1493 1501 1540 eo

230 1565 687 1662 pundocontingertdicitur.
1358 1563 1362 1569 ’

706 1819 923 1946 naon
985 1872 1013 1944 n

222 1987 263 2118 'Si
293 2065 313 2116 a
345 2039 480 2143 pundo
499 2039 539 2117 H
558 2038 593 2116 in
613 2035 737 2144 ellipfi,
765 2040 942 2116 ducantur
970 2036 1013 2114 ad
1039 2032 1142 2140 focosx
1162 2038 1243 2116 duae
1274 2041 1375 2118 reda
1403 2043 1496 2138 HD,
1528 2043 1597 2143 Fig.
1621 2074 1647 2120 r.

281 2149 372 2246 HE,
401 2167 508 2226 erunt
527 2147 607 2254 ipsae
625 2147 730 2226 fimul
748 2147 898 2254 aequales
916 2145 973 2224 axi
992 2147 1115 2250 majori
1133 2147 1210 2225 AB.
1398 2161 1400 2166 '

274 2365 448 2467 Qtoniam
470 2365 511 2438 H
540 2363 587 2437 est
609 2365 771 2460 pundlum
798 2363 831 2435 in
853 2363 972 2459 ellipfi,
1002 2383 1100 2434 erunt
1120 2361 1208 2449 HD,
1237 2363 1310 2438 HE
1341 2365 1435 2438 fimul
1453 2392 1498 2438 ae-

225 2465 337 2562 quales
353 2462 554 2561 longitudini
571 2463 631 2552 lili,
658 2487 726 2560 quo
749 2463 965 2545 describitur-3
1002 2463 1040 2534 δε
1065 2463 1224 2559 qnoniam
1250 2465 1373 2560 pundla
1396 2467 1443 2550 A,
1470 2467 1498 2536 B

224 2565 299 2638 sunt
315 2563 414 2635 etiam
433 2563 466 2634 in
484 2562 603 2658 ellipfi,
629 2581 725 2635 erunt
751 2581 823 2634 tum
849 2563 923 2634 DA
954 2563 990 2633 δι
1015 2559 1086 2632 EA
1109 2561 1217 2649 simul,
1240 2555 1315 2635 'tum
1333 2563 1407 2648 ΕΒ,
1434 2566 1499 2636 DB

225 2663 323 2736 simul
339 2661 481 2759 aequales
497 2659 606 2735 eidem
622 2659 844 2755 longitudini:
871 2685 972 2758 quare
997 2661 1034 2732 δε
1058 2662 1143 2731 inter
1168 2663 1198 2733 se
1227 2664 1367 2762 aequales
1390 2685 1496 2737 erunt.

226 2760 408 2834 Auleratur
428 2760 616 2832 communis
634 2759 714 2846 DE,
743 2760 779 2831 ὅτ
803 2759 927 2857 reliqua
943 2757 1017 2832 seiz.
1036 2758 1108 2830 AD
1126 2759 1186 2846 bis,
1212 2761 1345 2857 aequalis
1370 2761 1432 2832 erit
1449 2786 1499 2832 re·

226 2859 248 2932 li
274 2885 326 2932 uae
340 2859 402 2932 ΕΒ
416 2859 487 2943 bis;
512 2882 612 2956 quare
630 2857 703 2930 AD
720 2859 855 2956 aequalis
871 2857 918 2930 est
936 2857 996 2953 ipfi
1014 2857 1086 2932 ΕΒ.
1140 2859 1296 2931 Addatur
1310 2859 1498 2930 communis

226 2885 309 3047 AqE,
337 2959 375 3030 δι
394 2959 457 3030 erit
476 2960 562 3046 AD,
588 2980 746 3030 unacum
760 2957 843 3044 ΑΕ,
870 2957 1003 3068 aequalis
1018 2956 1079 3068 iplr
1098 2960 1163 3030 AB
1185 2959 1238 3030 axi
1264 2955 1403 3054 majori:
1442 2956 1497 3029 sed

227 3057 299 3130 AD
318 3057 356 3130 δι
373 3057 443 3131 AE
459 3057 557 3130 stmul
574 3057 716 3154 aequales
736 3056 810 3130 sunt
827 3053 1027 3152 longitudini
1044 3055 1105 3143 fili,
1132 3057 1196 3130 hoc
1224 3057 1283 3142 est,
1314 3057 1390 3153 ipfis
1405 3056 1496 3144 HD,

225 3155 299 3229 HE
316 3157 438 3242 stmul3
462 3179 564 3257 quare
577 3155 671 3244 HD,
686 3153 760 3230 HE
777 3155 871 3229 simul
888 3155 1029 3253 aequales
1046 3155 1119 3229 sunt
1134 3163 1188 3230 axi
1202 3154 1319 3254 majori
1333 3156 1410 3231 AB.

274 3355 366 3431 Coa.
390 3383 419 3432 1.
447 3357 532 3432 Axis
562 3355 668 3452 major
698 3355 764 3430 AB
787 3353 937 3428 bilariam
967 3359 1090 3429 secatur
1117 3355 1151 3427 in
1177 3373 1293 3428 centro
1308 3356 1349 3429 C.
1401 3356 1495 3428 Nam

224 3474 361 3625 {raptet
375 3458 518 3629 aequplgs
533 3457 613 3628 ἓξ,
632 3453 820 3625 EC,1(Del.
838 3459 904 3550 3.)‚
932 3453 969 3526 δε
987 3453 1061 3551 jam
1089 3453 1228 3526 ostensae
1253 3455 1393 3551 aequales
1409 3456 1495 3541 DA,

292 3576 423 3640 ,erunt
504 3611 516 3645 ,
669 3578 766 3627 uaes.

274 3653 367 3730 Coa.
385 3679 418 3730 a.
444 3655 480 3727 Si
508 3679 528 3727 a
550 3579 676 3750 puniti>
695 3671 788 3725 extra
802 3652 930 3750 ellipsin
956 3649 1118 3724 ducantur
1131 3653 1208 3726 duae
1225 3650 1375 3726 reetaead
1391 3649 1493 3740 focos,

223 3772 321 3826 erunt
333 3754 388 3826 hae
403 3753 500 3826 stmul
519 3751 656 3849 majores
672 3776 732 3825 axe
749 3751 896 3850 majore·,
920 3751 1042 3824 livero
1065 3751 1227 3826 ducantur
1244 3759 1271 3824 'a
1294 3749 1421 3847 puncto
1446 3751 1496 3823 in-

226 3861 274 3924 tr'a
289 3851 434 3948 ellipsin,
455 3871 552 3925 erunt
564 3852 660 3924 fimul
673 3853 817 3924 minores
833 3851 951 3924 eodem
966 3873 1037 3923 axe.
1086 3851 1182 3924 Patet
1198 3875 1256 3946 per
1272 3873 1329 3924 ao.
1350 3877 1379 3924 1.
1395 3849 1492 3925 Encl.

274 3951 373 4024 Con.
392 3963 424 4044 ’3,
451 3950 500 4024 Et
515 3971 649 4023 contra:
678 3951 712 4023 Si
727 3953 825 4024 rett'ae
840 3975 859 4024 a
875 3951 1002 4046 puneto
1013 3948 1124 4024 dueta
1139 3949 1181 4021 ad
1195 3951 1297 4036 focos,
1315 3951 1378 4022 stnt
1398 3949 1494 4020 fimul
1628 3967 1630 3970 ·

227 4049 380 4146 aequales,
409 4050 558 4146 majores,
587 4049 641 4122 vel
661 4051 815 4136 minores,
844 4073 904 4121 axe
933 4047 1079 4146 majore·,
1129 4049 1190 4121 erit
1220 4049 1253 4120 in
1283 4045 1493 4145 primocasu

227 4148 391 4244 pandum
408 4148 488 4243 illud
505 4150 539 4223 in
556 4149 676 4244 ellipfi,
702 4149 735 4220 in
749 4147 889 4220 secundo
903 4167 1007 4233 extra,
1035 4149 1071 4219 δι
1089 4146 1175 4240 intra
1191 4147 1282 4220 illam
1299 4149 1330 4220 in
1351 4145 1458 4218 tertio.

276 4247 368 4322 Coa.
388 4272 427 4338 4.
452 4248 617 4320 Distantia
632 4247 762 4320 verticis
778 4249 807 4321 F
821 4247 873 4320 vel
890 4247 925 4319 G
941 4247 1008 4319 axis
1026 4245 1178 4332 minoris,
1202 4248 1244 4319 ab
1258 4244 1384 4316 utrovis
1400 4242 1492 4312 loco·

226 4369 316 4434 rum,
342 4347 540 4444 aequalisest
557 4346 688 4422 semiaxi
705 4345 832 4444 majori.
886 4346 1076 4442 Jungantur
1097 4348 1187 4420 enim
1213 4346 1298 4432 GD,
1327 4340 1418 4423 GE;
1456 4341 1493 4413 δι

791 4447 873 4518 Da
1355 4459 1493 4539 propter
