3752 5320
246 453 1117 608 sacu1·0nun³³comarnun
1166 455 1299 609 urna.
1363 479 1435 637 ur

586 831 616 906 P
649 830 685 903 R
717 828 755 902 0
786 827 827 906 P.
903 825 1022 906 XVII.

175 1007 403 1117 Siparaholae
424 1033 497 1090 non
524 1025 687 1088 occurrat
716 1011 810 1088 recta
833 1005 936 1110 linea,
965 1025 1128 1088 occurrat
1145 1034 1231 1088 vero
1246 1008 1323 1090 haee
1340 1015 1435 1091 retia

227 1117 326 1198 alteri
341 1119 442 1198 rettae
458 1118 558 1198 lineae
573 1143 654 1224 quar
667 1113 723 1196 vel
736 1115 939 1224 parabolam
959 1118 994 1196 in
1011 1118 1151 1198 duobus
1170 1122 1310 1224 pondis
1329 1121 1432 1220 secar,
1564 1187 1567 1195 .
1584 1161 1589 1175 ·

226 1226 284 1307 vel
312 1225 425 1335 ipsam
444 1225 632 1334 contingit,
668 1223 724 1305 vel
753 1225 786 1304 ei
814 1249 888 1306 non
914 1227 1097 1308 occurrit:
1135 1227 1176 1305 In
1203 1229 1433 1334 primocasu,

225 1335 291 1416 erit
311 1335 558 1444 redangulum
575 1353 787 1416 contentum
807 1335 993 1440 segmentis
1010 1337 1112 1415 redae
1129 1363 1210 1444 quae
1226 1337 1434 1443 parabolam

225 1445 438 1532 secat-inter,
461 1449 639 1526 redarum
666 1445 857 1527 orrursum
883 1446 924 1523 dr
955 1447 1089 1550 puncta
1120 1445 1251 1550 quibus
1288 1447 1432 1526 sectioni

225 1545 403 1655 occurrit,'
420 1552 553 1661 aequale
567 1553 742 1659 quadrato
762 1579 807 1634 err
825 1551 1010 1660 segmento
1031 1551 1188 1659 ejusdem
1212 1557 1315 1636 κᾶε
1342 1554 1435 1634 inter

224 1663 383 1742 eundem
414 1661 603 1743 occursum
636 1661 917 1744 &diametrum
946 1662 1006 1742 cui
1029 1661 1223 1744 ordinatim
1250 1661 1433 1772 applicatae

225 1770 399 1880 parallelae
423 1771 505 1852 sunt
523 1775 625 1856 κᾶε
640 1797 722 1878 quae
738 1770 880 1851 sectioni
899 1797 970 1851 non
988 1771 1154 1870 occurrit,
1184 1799 1256 1852 una
1274 1801 1363 1854 cum
1376 1799 1434 1852 re-

224 1879 395 1989 nanguto
424 1898 595 1962 contento
622 1880 729 1961 latere
757 1885 852 1961 redo
874 1881 1038 1962 diametri
1069 1885 1171 1962 rediae
1197 1882 1354 1983 secantis,
1395 1887 1435 1964 dr

224 1989 411 2096 segmento
440 1990 559 2099 primo
585 1993 777 2073 nominata
807 1991 972 2072 diametri
990 1990 1080 2068 inter
1108 1992 1278 2076 verticem
1303 1994 1377 2097 ejus
1395 1997 1435 2074 dr

224 2103 361 2179 rectam
379 2125 461 2206 quae
480 2099 620 2180 sectioni
638 2119 711 2178 nou
729 2101 908 2179 occurrit:
948 2099 992 2178 In
1011 2097 1165 2178 secundo
1182 2099 1276 2198 casu,
1305 2102 1340 2179 in
1359 2127 1435 2208 quo

181 2211 188 2220 '
225 2197 343 2318 prima
362 2213 456 2290 reda
474 2208 628 2289 occurrit
649 2211 752 2286 r'edtae
778 2206 981 2316 parabolam
996 2207 1231 2316 contingenti,
1259 2208 1323 2288 erit
1341 2236 1434 2317 qua-

226 2319 371 2400 dratum
386 2345 432 2398 ex
449 2317 632 2426 segmento
642 2316 876 2426 contingentis
894 2315 984 2397 inter
998 2319 1175 2397 redarum
1190 2318 1379 2400 occursum
1395 2321 1434 2401 de

225 2429 436 2508 conradum
457 2427 592 2534 aequale
608 2425 783 2536 quadrato
798 2421 844 2506 err
860 2427 1042 2536 segmento
1058 2425 1215 2534 ejusdem
1235 2429 1326 2508 inter
1341 2457 1434 2511 eun·

223 2536 311 2617 dem
325 2536 513 2619 occursum
532 2539 805 2621 &diametrum
824 2539 883 2616 cui
907 2537 1098 2618 ordinatim
1117 2537 1299 2644 applicata
1315 2541 1433 2646 paral-

224 2645 302 2727 lelae
328 2646 409 2728 sunt
427 2649 638 2754 rediaequae.
651 2645 796 2726 sectioni
814 2673 887 2726 non
902 2645 1068 2746 occurrit,
1098 2671 1274 2730 unacum
1294 2653 1432 2728 redtan·

223 2756 495 2864 guloronrento
505 2754 611 2836 latere
623 2757 719 2834 redo
735 2755 900 2834 diametri
916 2781 997 2862 quae
1014 2757 1299 2862 percontandum
1318 2757 1430 2836 trans-

225 2867 266 2963 it,
295 2857 334 2945 dr
352 2857 534 2974 segmento
546 2863 687 2944 alterius
699 2862 854 2970 praedidti
874 2861 1045 2943 diametri
1054 2863 1144 2943 inter
1161 2863 1332 2942 verticem
1358 2865 1432 2972 ejus

180 3006 184 3014 ·
226 2977 266 3057 dt
284 2967 419 3055 redium
445 2998 526 3084 quae
544 2973 686 3056 sectioni
701 2999 772 3053 non
787 2974 940 3054 occurrit
958 3005 969 3055 r
1000 2975 1043 3053 In
1062 2973 1165 3052 tertio
1178 2971 1273 3072 casu,
1303 2973 1339 3053 in
1357 3001 1435 3084 quo

178 3095 182 3118 ‘
226 3111 344 3194 neque
358 3085 476 3193 prima
489 3087 584 3164 reeta
600 3109 667 3164 nec
683 3081 835 3164 secunda
848 3081 1172 3188 occurrit'sed’tioni,
1201 3083 1432 3194 eritquadra-

180 3203 183 3210 ⁴
224 3211 308 3274 tum
325 3217 371 3274 ex
391 3194 572 3300 segmento
589 3191 748 3274 secunda
774 3193 865 3271 inter
880 3197 1058 3273 rectarum
1078 3195 1267 3295 occursum
1292 3195 1332 3274 dr
1354 3195 1433 3275 dia-

224 3320 386 3386 metrum
404 3303 464 3384 cui
490 3303 681 3386 ordinatim
699 3301 879 3410 applicatae
898 3303 977 3384 sunt
988 3301 1162 3410 parallelae
1176 3299 1261 3382 huic
1274 3301 1432 3388 secundae

181 3405 188 3412 ’
226 3413 341 3512 rert'ae,
370 3439 442 3494 una
459 3411 681 3525 cumispatio
698 3410 948 3520 proportionali
972 3411 1069 3518 quod
1084 3411 1202 3491 eidem
1221 3415 1324 3492 rediae
1340 3438 1429 3492 con·
1457 3419 1461 3428 '
1535 3433 1537 3438 ·

179 3515 183 3520 ’
224 3524 334 3622 venit,
363 3521 508 3630 aequaie'
527 3519 701 3630 quadrato
715 3545 760 3598 ex
791 3519 972 3630 segmento
989 3520 1145 3628 ejusdem
1163 3519 1254 3600 inter
1271 3519 1429 3600 eundem
1501 3515 1505 3522 ’

178 3683 182 3690 ·
224 3631 414 3713 occursum
434 3631 709 3728 &diametrum
727 3628 786 3712 cui
800 3628 1195 3738 ⁴ordinatim'applicatae
1212 3630 1291 3723 sunt
1306 3629 1430 3737 primae

223 3743 327 3821 radia
351 3739 535 3847 parallelae,
576 3767 647 3820 una
677 3764 764 3818 cum
785 3738 989 3846 redangulo
1015 3759 1184 3820 contento
1210 3737 1316 3822 latere
1335 3741 1431 3820 redo
1484 3822 1486 3830 ,

220 3848 385 3931 diametri
396 3847 459 3928 eui
475 3847 667 3929 ordinatim
690 3846 872 3955 appiicatae
886 3847 966 3926 sunt
985 3847 1155 3955 parallelae
1182 3851 1284 3926 rediae
1303 3847 1430 3926 securr-

179 3997 186 4004 ·
225 3959 291 4056 dae,
321 3960 361 4037 dt
374 3954 557 4063 segmento
570 3957 710 4038 alterius
722 3957 889 4038 diametri
908 3960 999 4042 inter
1014 3958 1183 4038 uerticem
1200 3956 1273 4063 ejur
1301 3959 1340 4040 dr
1356 3957 1439 4066 pri-.

226 4093 328 4148 mam
346 4070 492 4149 redtam.
721 4087 725 4095 '
903 4103 906 4112 ·
945 4109 948 4116 =
1158 4103 1163 4118 ·

219 4263 291 4354 Caſs
309 4287 340 4334 r.
367 4259 417 4332 Sit
432 4205 587 4356 oarabola
610 4261 733 4348 DHE,
760 4263 797 4334 δι
815 4262 900 4334 reeta
919 4263 1012 4351 MR,
1035 4285 1112 4361 quae
1136 4263 1165 4334 ei
1183 4285 1250 4334 non
1274 4261 1429 4348 occurrit,
1445 4271 1579 4368 Fig,46,

169 4359 357 4446 alteri-DE,
379 4359 613 4455 parabolamin
627 4361 823 4460 punctim,¹
836 4357 869 4434 E
881 4361 1012 4450 secanti,
1030 4381 1180 4436 occurrat
1190 4363 1223 4435 in
1238 4361 1365 4533 pundEo
1366 4361 1410 4558 qCu
1412 4411 1433 4532 ἑ
