3736 5330
326 550 380 632 40
489 509 898 598 sectionum
946 509 1369 600 conmanunt
1420 483 1580 610 nnn.

252 783 256 792 ,
293 667 296 672 “
325 687 784 796 parauuaastrrsrpnnn,
811 686 849 760 a
867 685 1061 785 tamenn
1113 687 1164 777 rt,
1182 691 1280 777 no,
1303 695 1611 792 quaestura

326 795 418 881 KH,
444 812 481 866 ut
497 793 559 894 QS
575 791 617 864 ad
633 790 714 863 SR:
753 785 807 861 sed
822 787 967 884 aequalee
982 785 1144 904 suntQ,
1162 792 1249 905 §R3
1274 794 1434 894 quoniam
1458 798 1532 873 seiz.
1548 799 1611 872 (ΣΡ

326 887 1318 1097 {lillisstillisffiltffslllllfi‘l‘ll‘ffllm’
1355 895 1392 969 ἃ
1415 895 1517 994 *³³⁰¹
1532 897 1610 972 *²⁰³⁶

268 1243 273 1266 ι
378 1195 477 1270 Cot.
495 1219 526 1268 1.
554 1190 604 1264 Et
619 1209 756 1265 contra:
793 1186 918 1262 Omnis
942 1189 1032 1264 refta
1047 1189 1155 1288 ellipfi
1172 1191 1365 1280 terminata,
1390 1211 1429 1268 ut
1451 1193 1542 1285 GH,
1573 1197 1611 1271 dr

327 1295 482 1370 bifariam
498 1291 583 1366 seua
596 1291 764 1364 diametro
780 1289 858 1378 CE,
884 1287 918 1362 id
935 1289 996 1379 est,
1015 1291 1144 1388 quaevis
1155 1291 1322 1366 diametro
1337 1293 1414 1367 huic
1430 1293 1610 1368 ordinatim

328 1396 507 1494 applicata,
537 1391 693 1492 parallela
718 1389 766 1464 est
783 1391 884 1464 redlae
899 1387 963 1462 EF
991 1390 1121 1488 ellipsin
1148 1391 1182 1465 in
1205 1393 1329 1468 vertice
1353 1391 1507 1468 diametri
1529 1418 1610 1467 con·

179 1497 184 1506 '
330 1495 486 1592 tingenti.
538 1491 573 1564 Si
594 1492 686 1564 enim
708 1513 776 1562 non
799 1492 853 1576 stt,
879 1487 1018 1562 ducatur
1041 1492 1240 1590 contingent
1262 1492 1324 1590 ipsr
1340 1492 1418 1566 GH
1441 1494 1609 1590 parallela,

331 1603 410 1689 (ιι.
428 1591 532 1692 huj.),
559 1592 597 1664 dt
626 1590 778 1684 bifariam
804 1590 962 1662 secabitur
977 1589 1055 1664 GH
1070 1590 1234 1667 diametro
1255 1617 1333 1692 quae
1344 1615 1417 1764 ἔτι
1446 1594 1610 1690 [ιιιιιᾶιιιιι

328 1697 502 1768 contactus
531 1688 626 1788 hujus
646 1689 872 1786 contingentis
888 1689 1027 1774 transtu
1052 1691 1169 1765 eadem
1198 1717 1282 1766 vero
1308 1691 1341 1764 bi
1376 1693 1459 1767 riam
1486 1693 1611 1767 secatur

321 1791 395 1866 alid
410 1792 576 1865 diametro
588 1785 664 1864 CE.
715 1788 822 1890 Quod
836 1787 883 1860 est
895 1786 1084 1864 absurdum.

382 1891 480 1964 Con.
502 1911 535 1963 2.
562 1890 693 1963 Omnes
710 1889 812 1985 igitur
828 1887 937 1960 cidem
952 1887 1118 1965 drametro
1137 1889 1317 1965 ordinatim
1331 1889 1519 1989 applicatae,
1537 1892 1612 1966 sunt

182 2023 185 2032 ¹
321 1991 419 2064 inter
435 1989 465 2062 se
479 1989 657 2087 parallelae.
749 2045 757 2068 ,

234 2169 239 2178 ¹
384 2089 481 2164 Con.
501 2113 533 2184 3.
561 2086 610 2160 Et
627 2088 741 2162 fiduae
757 2085 812 2172 rel
830 2078 940 2182 plures
955 2086 1055 2160 redl'ae
1071 2087 1238 2184 parallelae
1254 2087 1360 2185 ellipsr
1377 2089 1608 2180 terminentur,

333 2189 506 2276 diameter,
532 2213 610 2286 quae
625 2185 729 2260 unam
743 2209 784 2260 ex
802 2185 879 2282 ipsu
896 2185 1048 2260 bifariam
1065 2189 1159 2274 senat,
1186 2186 1337 2261 bifariam
1354 2187 1484 2276 secabit,
1507 2191 1545 2264 δι
1560 2213 1612 2264 re·

322 2289 450 2389 siquas.
501 2288 596 2361 Nam
612 2311 690 2386 quae
712 2286 863 2358 bifariam
880 2286 964 2360 seua
980 2286 1040 2374 est,
1066 2286 1222 2384 parallela
1246 2288 1309 2360 erit
1326 2288 1539 2386 ‘contingenti
1565 2288 1612 2361 el-

330 2389 432 2486 -lipsrn
451 2389 485 2460 in
501 2387 625 2459 vertice
638 2385 816 2470 diametri,
840 2409 924 2482 ergo
941 2387 979 2458 δι
995 2386 1133 2485 reliquae
1145 2386 1253 2461 eidem
1267 2386 1434 2484 parallelae
1445 2407 1554 2476 erunt,
1573 2389 1611 2462 dt
1672 2405 1674 2408 ’

333 2487 437 2584 igitur
453 2485 617 2560 diametro
633 2483 786 2559 bifariam
803 2484 1008 2560 secabuntur.
1599 2545 1602 2555 ,

353 2638 356 2648 .
385 2585 482 2660 Con.
497 2611 533 2677 4.
561 2583 610 2658 Et
624 2602 763 2658 contrat
798 2584 918 2672 Redta,
948 2607 1025 2681 quae
1041 2581 1121 2658 duaa
1135 2585 1304 2680 parallelas
1319 2587 1423 2661 redlaa
1447 2586 1485 2660 δι
1505 2585 1612 2684 ellipsr

329 2686 526 2774 ‚terminatas
543 2683 695 2759 bifariam
711 2681 806 2771 secat,
830 2682 878 2757 est
900 2681 1073 2757 diameter.
1125 2683 1219 2758 Nam
1236 2685 1262 2758 [ι
1279 2709 1360 2774 non,
1389 2684 1528 2760 ducamr
1540 2686 1612 2760 dia·

334 2806 442 2862 meter
463 2809 565 2860 unam
592 2809 634 2858 ex
657 2783 820 2882 parallelis
844 2779 996 2858 bifariam
1016 2783 1135 2872 secans,
1162 2783 1314 2860 bifariam
1340 2785 1459 2860 secabit
1474 2787 1547 2860 hare
1561 2787 1610 2859 al-

335 2905 454 2974 teram,
487 2887 525 2960 &
536 2903 676 2984 utraque
693 2883 844 2956 bifariam
860 2881 945 2956 seua
959 2881 1007 2957 est
1023 2883 1088 2958 alia
1105 2880 1214 2958 redd:
1247 2883 1339 2984 quod
1353 2883 1403 2959 est
1417 2883 1609 2961 absurdum.

332 2983 385 3058 Et
408 2985 432 3057 fi
447 3011 466 3058 a
484 2985 612 3082 puncto
627 2985 798 3056 contaetus
820 2981 960 3056 ducatur
982 2985 1071 3058 redla
1096 2983 1247 3056 bifariam
1265 2983 1372 3058 secans
1390 2987 1514 3060 reflant
1531 3009 1612 3058 con-

335 3080 874 3270 laetaturilla
892 3081 1611 3258 terrmfflgffisaaffiirt.hgam

335 3281 485 3358 rallelam
502 3281 712 3380 contingenti
727 3205 1021 3384 bifariamiieqiod
1039 3237 1308 3358 ellabsurdum.’
1431 3357 1433 3362 ,
1553 3208 1598 3283 pa

385 3381 483 3457 Con.
497 3407 531 3480 5.
559 3379 607 3456 Et
630 3385 718 3458 retra
738 3405 817 3480 quae
831 3405 891 3479 per
908 3382 1070 3457 verticem
1088 3381 1241 3458 diametri
1266 3381 1421 3480 parallela
1441 3379 1543 3456 ducta
1564 3379 1612 3456 est

325 3481 519 3560 -ordinatim
536 3479 701 3556 diametro
716 3481 906 3579 applicatae,
933 3481 1062 3580 ellipsin
1079 3480 1258 3580 contingit.

310 3591 311 3596 ’
387 3583 484 3659 Coa.
498 3584 530 3658 6.
559 3580 697 3656 Etduae
709 3583 809 3656 reflae
821 3581 856 3654 in
868 3581 976 3681 ellipsr
995 3606 1062 3654 non
1080 3606 1139 3680 per
1154 3601 1308 3654 centrum
1326 3579 1537 3670 transeuntes,
1563 3580 1612 3656 bi-

337 3679 454 3758 fariam
480 3679 511 3756 se
534 3701 653 3756 mutuo
671 3705 736 3755 non
756 3679 920 3760 secabunt.
971 3679 1066 3754 Nam
1077 3700 1216 3780 utraque
1232 3679 1387 3780 parallelo
1404 3683 1483 3756 esset
1499 3683 1611 3767 reclae,
1654 3765 1658 3774 Ι

220 3837 230 3863 .
325 3805 417 3952 φιτ
431 3781 561 3880 ellipsrn
585 3779 753 3882 contingit
774 3783 808 3856 in
837 3782 961 3854 vertice
987 3779 1141 3853 diametri
1166 3805 1225 3876 per
1250 3782 1414 3854 rectarum
1439 3783 1613 3856 occursum

359 3879 476 3987 ‚usim
510 3882 650 3984 ideoque
666 3883 752 3956 inter
767 3877 798 3957 se
814 3880 984 3982 parallelae
998 3877 1111 3980 essent.
1161 3879 1269 3982 Q0d
1285 3879 1331 3956 est
1347 3881 1539 3956 absurdum.
1583 3917 1586 3929 «

1401 4273 1611 4352 venon.
1700 4365 1704 4372 ι
1853 4339 1854 4360 ι
