3664 5332
510 509 571 592 Q
634 507 1162 610 Hrrrnaonm
1434 467 1513 626 pr

262 685 392 794 guium
421 704 636 768 contentum
671 685 861 794 segmentis
890 685 1055 768 diametri
1089 685 1150 767 eui
1187 685 1356 790 occurrit,
1397 688 1489 774 inter

256 797 368 905 ipsros
389 798 533 877 vertices
551 799 592 876 de
608 797 773 896 dudtam,
813 819 854 876 ut
871 797 1090 906 quadratum
1107 824 1155 880 ex
1175 799 1353 899 diametro
1370 799 1489 884 dueta

256 906 438 1014 parallela,
467 909 510 986 ad
529 907 749 1014 quadratum
763 933 809 986 err
826 907 1002 1015 diametro
1020 909 1172 990 secunda
1187 907 1272 994 huic
1286 899 1487 1020 conjtigata.

263 1017 298 1097 Si
317 1042 439 1096 veroa
471 1018 628 1096 termino
655 1015 821 1096 diametri
851 1015 1010 1098 secundae
1033 1018 1186 1098 ducatur
1213 1021 1307 1098 tedia
1326 1021 1489 1126 paralleia

262 1127 440 1204 diametro
455 1126 600 1205 cuilibet
617 1124 789 1222 secundm,
822 1147 1055 1234 occurratque
1082 1125 1258 1206 diametro
1292 1128 1488 1212 transversa

262 1235 349 1316 huic
365 1234 563 1341 conjugata
574 1274 585 1330 ς
612 1237 678 1315 erit
696 1237 915 1344 quadratum
933 1263 978 1316 ex
993 1238 1114 1336 dodia,
1143 1239 1186 1316 ad
1205 1239 1424 1348 quadratam
1442 1265 1490 1322 ex

258 1345 527 1428 semidiametro
544 1346 603 1425 coi
621 1347 787 1443 occurrit,
816 1373 887 1424 una
905 1353 992 1426 curn
1009 1347 1184 1453 quadrato
1203 1347 1375 1454 segmenti
1392 1349 1488 1454 ejus-

260 1456 346 1534 dem
375 1455 466 1535 inter
491 1475 658 1538 centrum
683 1456 723 1534 dr
752 1457 915 1554 dudiam,
945 1475 986 1535 ut
1012 1458 1231 1564 quadratum
1249 1459 1414 1540 diametri
1432 1460 1487 1539 se-
1595 1545 1599 1550 ,

261 1565 389 1654 cundae
415 1593 497 1672 quae
521 1563 641 1646 duaa
656 1565 708 1646 est
732 1565 908 1676 parallela,
937 1567 980 1646 ad
1007 1567 1226 1674 quadratum
1248 1595 1294 1650 ex
1310 1569 1514 1650 diametro

259 1673 347 1756 huic
364 1673 567 1784 conjugata}
620 1675 623 1682 ’

209 1907 212 1916 ’
254 1893 386 1982 Primo,
422 1893 475 1967 Sit
491 1895 689 1992 hyperbole,
704 1894 805 1994 'cujus
819 1895 981 1970 diameter
998 1895 1179 1972 transversa
1194 1897 1297 1986 Dea
1317 1895 1355 1972 δι
1373 1897 1484 1974 secun·
1497 1897 1637 1998 Fr'gna.

149 2081 153 2089 ι
199 1991 249 2066 da
265 1993 327 2089 ipsr
345 1993 523 2092 conjugata
538 1995 646 2078 KCk;
672 1995 776 2094 fitque
794 1993 855 2069 CB
870 1996 998 2094 quaevie
1013 1995 1076 2068 alia
1091 1995 1255 2070 diameter
1269 1997 1423 2088 secunda,
1449 1999 1488 2076 tc

203 2093 248 2166 ab
263 2094 363 2190 ipsura
376 2095 522 2168 termino
534 2094 562 2169 B
576 2094 714 2168 ducatur
728 2095 815 2168 tedia
833 2094 989 2191 paratteta
1004 2093 1194 2168 transversae
1211 2097 1293 2183 CD,
1318 2116 1488 2172 occurrat·

200 2215 272 2290 que
289 2191 440 2266 secundae
456 2193 533 2266 huic
549 2193 739 2290 conjugarae
755 2195 788 2264 in
804 2193 856 2266 L:
884 2195 946 2265 erit
957 2193 1156 2290 quadratum
1169 2219 1211 2266 ex
1224 2193 1288 2268 BL
1298 2195 1341 2268 ad
1358 2199 1488 2290 pedian-

203 2292 323 2388 guium
338 2291 442 2381 ΚΜ,
469 2312 506 2366 ut
517 2292 717 2390 quadratum
734 2316 775 2366 ex
788 2293 846 2366 Dd
858 2291 901 2364 ad
918 2292 1118 2389 quadratum
1134 2317 1175 2366 err
1188 2293 1254 2368 Kk.

255 2391 349 2464 Nam
365 2409 463 2464 erunt
485 2393 621 2466 termini
650 2391 703 2464 seu
726 2393 866 2466 vertices
886 2391 1130 2466 'diametrorum
1155 2391 1386 2484 secundeum,
1408 2391 1486 2472 seiz.

199 2487 248 2577 Ἠ,
264 2491 313 2576 Κ,
334 2491 366 2577 k,
394 2491 427 2563 in
455 2491 646 2588 hyperbolis
671 2490 906 2588 adjacentibus,
944 2516 1087 2590 quarum
1115 2491 1276 2568 diameter
1307 2495 1489 2570 transversa

202 2589 260 2664 Kk
283 2590 345 2664 erit
361 2587 513 2664 secundae
536 2589 596 2664 Dd
614 2589 804 2688 conjugata,
831 2593 930 2683 (Cor.
948 2596 977 2666 ι’.
992 2615 1052 2680 40.
1073 2590 1186 2686 huj.);
1223 2617 1306 2688 ergo
1329 2593 1377 2670 est
1406 2619 1489 2694 qua·

204 2689 339 2761 dratum
354 2713 396 2762 ex
413 2689 477 2764 BL
492 2689 534 2761 ad
552 2691 783 2786 retiangulum
799 2691 901 2777 ΚΗ,
927 2709 965 2762 trt
979 2690 1181 2787 quadratum
1197 2715 1239 2764 ex
1255 2691 1315 2765 Dd
1338 2689 1381 2765 ad
1405 2717 1489 2794 qua·

201 2788 341 2862 dratum
357 2788 477 2874 eka,
504 2794 578 2882 (28.
598 2787 699 2884 huj.).

202 2887 421 3062 ProSecundo,
456 2889 557 2962 Casta
582 2887 740 2962 secundus
762 2885 883 2962 eodem
900 2885 1032 2985 prorsas
1054 2885 1160 2961 modo
1174 2885 1421 2963 demonstratur
1444 2910 1487 2964 err
1542 2949 1564 2958 ..
1654 2939 1660 2948 .

271 3012 308 3084 P·
325 3009 383 3086 ²9·
1642 3021 1646 3034 '

253 3163 350 3240 Con.
375 3162 485 3252 Hinc,
512 3163 536 3238 fi
562 3190 582 3240 a
623 3163 718 3238 novis
742 3163 871 3262 pundio
893 3161 931 3237 A
947 3163 1142 3263 hyperbolae
1159 3163 1233 3242 AD
1249 3161 1391 3242 ducante
1403 3163 1488 3240 AM

196 3263 383 3338 ordinatim
408 3263 572 3362 applicata
597 3187 763 3336 diametro
788 3265 888 3338 κᾶε
902 3263 981 3350 Kk;
1019 3264 1057 3336 dt
1081 3289 1103 3337 a
1124 3263 1270 3338 termino
1285 3265 1315 3337 B
1331 3263 1488 3340 diametri

198 3361 422 3464 cujuscunque
438 3363 590 3438 secundae
603 3363 663 3436 CB
679 3361 817 3435 ducatur
833 3363 877 3436 ad
898 3363 1040 3436 eandem
1061 3362 1118 3436 Kk
1139 3363 1227 3436 retra
1244 3363 1308 3437 BL
1324 3363 1384 3461 ipsr
1403 3361 1489 3437 AM

201 3463 381 3560 parallelae
405 3466 468 3537 erit
482 3463 685 3564 quadratum
704 3485 747 3534 ex
769 3463 833 3535 BL
853 3461 895 3534 ad
911 3462 1112 3562 quadratum
1129 3485 1170 3534 ex
1186 3463 1279 3550 AM,
1305 3483 1343 3534 trt
1359 3463 1488 3535 redian·

194 3563 323 3659 'gulum
339 3559 429 3650 ΚΝ
452 3564 495 3636 ad
511 3563 677 3636 summam
694 3559 932 3660 quadratorum
948 3585 990 3642 ex
1005 3560 1250 3637 semidiametro
1267 3562 1335 3634 KC
1360 3561 1398 3634 δι
1414 3560 1487 3658 seg-

197 3683 321 3736 rnento
336 3663 412 3734 CM
424 3664 511 3736 inter
527 3683 680 3736 centrum
696 3663 734 3736 δι
749 3661 933 3736 ordinatim
951 3661 1165 3762 applicatam.
1218 3660 1358 3734 Constat
1370 3685 1412 3734 err
1423 3660 1487 3735 hae

204 3761 450 3860 Propoiitione,
480 3765 518 3836 dr
537 3787 594 3862 ²9·
609 3757 716 3860 hujus.

195 3903 199 3912 .
250 3861 286 3934 Si
305 3885 421 3935 veroa
438 3865 565 3960 pundo
576 3864 695 3962 quovit
709 3863 745 3936 A
762 3860 959 3959 hyperbolae
974 3863 1050 3936 AD
1059 3861 1201 3936 ducatur
1217 3859 1288 3934 AE
1303 3859 1488 3935 ordinatim

198 3961 550 4135 trinam
869 3961 1158 4135 mam
1169 3960 1488 4134 iratam

422 4087 481 4135 een
507 4087 561 4136 em
653 4087 688 4135 re
879 4087 891 4134 r
1169 4091 1181 4145 a

202 4180 246 4232 err
261 4160 321 4236 BF
346 4159 389 4234 ad
417 4162 616 4260 quadratum
640 4179 682 4236 ert
699 4159 783 4248 ΑΕ,
808 4083 1258 4260 utpiummapdnadratorum
1277 4088 1485 4232 disemtdia·

200 4279 315 4337 metro
327 4259 399 4340 CD
416 4263 453 4340 dr
469 4261 642 4363 segmento
653 4261 716 4340 CF
730 4262 817 4338 inter
832 4279 986 4339 centrum
1003 4261 1042 4338 dr
1055 4263 1131 4342 enm
1145 4277 1259 4364 quae'a
1274 4257 1420 4342 termino
1436 4259 1484 4332 se-

771 4361 865 4440 Ma
1361 4355 1486 4446 mndt
