3664 5332
492 515 552 596 De
615 483 1141 597 H'ir'u‘r'on'a
1398 489 1445 604 '81
1572 523 1574 534 '

116 696 121 711 '
217 693 318 767 Con.
336 716 366 766 1.
396 689 432 764 Si
459 689 623 764 aduobus
644 689 777 786 pundis
797 688 993 787 hyperbolae
1008 690 1064 765 vel
1080 687 1309 787 oppofitarum
1327 693 1450 792 hyper.

167 793 324 867 bolarum
340 791 502 864 ducantur
517 790 559 862 ad
571 789 773 864 diametrum
786 787 959 862 secundam
969 789 1046 862 duae
1058 791 1158 863 redtae
1169 789 1334 866 diametro
1348 795 1449 891 ipfius

173 891 363 966 transversae
378 889 569 986 parallelum
593 887 655 961 erit
670 888 871 987 quadratum
883 912 924 960 ex
938 889 1051 988 primo
1067 889 1167 962 dudta
1189 889 1231 984 ad
1247 893 1447 990 quadratum

172 990 338 1076 exaltera,
358 1009 394 1062 ut
407 987 535 1060 summa
546 988 785 1085 quadratorum
800 1010 841 1060 ex
854 987 1098 1073 semidiametro
1108 986 1258 1078 secunda,
1275 993 1311 1063 ὅτ
1324 991 1447 1066 disten·

174 1093 218 1162 tia
228 1088 344 1188 primo
354 1088 466 1160 ductae
481 1113 501 1159 a
515 1107 643 1174 centro,
657 1085 699 1160 ad
712 1086 878 1160 summam
893 1086 1131 1184 quadratorum
1150 1087 1383 1166 semidiametri
1399 1092 1446 1166 se-

174 1188 306 1275 cundae,
332 1188 371 1259 dt
381 1186 546 1259 distantiae
558 1187 690 1260 alterius
704 1210 724 1258 a
739 1205 866 1259 centro.

220 1289 316 1362 Con.
332 1309 364 1362 a.
404 1285 452 1358 Et
467 1306 603 1362 contra:
635 1285 670 1358 Si
686 1311 704 1358 a
721 1285 848 1382 puncto
865 1285 1015 1360 Dducta
1030 1287 1070 1360 fit
1089 1285 1132 1360 ad
1157 1287 1354 1386 hyperbolae
1377 1289 1446 1365 dia-

173 1405 319 1460 metrum
336 1384 511 1458 secundam
527 1384 600 1474 BC,
635 1387 723 1458 reeta
747 1384 817 1459 DL
842 1385 996 1484 parallelo
1019 1387 1119 1483 ipsius
1145 1387 1335 1461 transversae
1350 1390 1445 1474 CAr

171 1485 334 1583 fueritque
349 1483 550 1582 quadratum
565 1507 607 1556 ex
619 1481 667 1556 Bb
681 1483 723 1554 ad
740 1483 939 1580 quadratum
954 1507 996 1556 ex
1012 1488 1081 1573 Aa,
1107 1505 1146 1557 ut
1161 1487 1290 1560 summa
1305 1489 1446 1586 quadra-

173 1603 287 1657 torum
304 1585 433 1676 exeo,
458 1583 524 1656 CL
540 1581 583 1655 ad
604 1581 803 1680 quadratum
828 1605 869 1656 ex
885 1583 976 1658 DL:
1018 1585 1364 1681 eritpundtumDin
1383 1588 1445 1682 hy·
1542 1613 1546 1622 ·

170 1683 320 1781 perboia.
372 1683 465 1754 Nam
479 1681 640 1780 quoniam
659 1681 745 1754 reda
763 1681 833 1756 DL
849 1681 1004 1778 parallelo
1015 1682 1061 1754 est
1073 1683 1239 1758 diametro
1254 1685 1446 1761 transversae

169 1782 239 1856 AC
259 1805 340 1881 quae
364 1780 449 1852 inter
474 1782 680 1878 asymptotos
704 1779 804 1866 cadit,
831 1779 900 1877 ipsa
913 1781 982 1855 DL
998 1781 1172 1857 neoeffario
1188 1805 1337 1858 occurret
1351 1785 1446 1858 restis

167 1905 245 1981 quae
259 1878 552 1976 comprehendunt
566 1880 728 1976 angulum
743 1879 898 1978 deinceps
913 1882 944 1953 ei
960 1881 1018 1979 qui
1034 1883 1184 1960 continet
1201 1885 1445 1980 hyperbolame

168 1981 286 2153 titt
304 1977 1037 2175 (sstddutfflttiitttdtmut
1048 2009 1074 2152 ἱ,
1096 1982 1393 2154 &diffii‘bu‘
1409 1985 1443 2056 ³¹¹

218 2181 313 2253 Con.
328 2203 361 2272 3.
390 2175 438 2249 Et
449 2133 675 2252 coro’ltarium
700 2176 836 2251 tertium
857 2103 1194 2278 praedenusyiiiop.
1214 2185 1348 2254 mutatis
1370 2203 1443 2252 mu·

168 2277 289 2368 undo,
316 2273 371 2350 hic
387 2275 541 2352 obtinet·
963 2293 971 2310 ·

592 2643 622 2715 Ρ
647 2643 745 2717 Ro
769 2643 812 2719 Ρ.
886 2645 1014 2722 XXX.

169 2845 290 2936 Recta,
310 2795 441 2951 quatis
463 2839 661 2952 hyperbold
685 2841 742 2923 vei
769 2841 971 2950 hyperbolis
989 2840 1158 2949 utrinque
1176 2841 1376 2942 terminata,
1405 2843 1445 2922 dt

223 2952 389 3060 parallelo
416 2951 594 3032 diametro
621 2951 819 3032 transversa
849 2951 906 3046 vel
934 2949 1040 3060 ipfius
1065 2952 1243 3032 diametro
1268 2951 1444 3052 secundae,
1600 3043 1607 3054 ,

223 3061 390 3142 bifariam
419 3061 555 3148 secatur
583 3062 630 3142 ab
646 3062 776 3157 alteru
819 3062 893 3163 seu,
921 3063 1022 3170 quod
1051 3061 1150 3142 idem
1177 3061 1242 3160 est,
1270 3062 1445 3144 diameter

222 3169 414 3254 transversa
433 3172 473 3251 u
486 3171 591 3282 ipfius
608 3173 760 3276 secunda
778 3170 861 3252 sunt
878 3171 1044 3254 diametri
1060 3171 1267 3279 conjugata.

217 3368 315 3444 Con.
344 3367 403 3440 Et·
416 3365 629 3444 manifestum
653 3367 702 3440 est
730 3388 799 3440 non
825 3367 925 3463 poss'e
942 3366 1024 3441 duat
1047 3363 1227 3442 diametros
1251 3365 1362 3442 eidem
1390 3363 1444 3439 seu

171 3466 363 3550 musversae
378 3469 432 3542 feu
448 3466 599 3544 suorndae
611 3463 805 3565 conjugatas
821 3464 894 3540 effe.

473 4022 477 4030 Ι
574 3897 814 3982 ouon.
891 3905 1090 3983 xxxi..
1233 3865 1237 3872 ’

170 4113 285 4200 Rem
298 4116 431 4225 quavis
443 4115 640 4226 hyperbold
657 4115 711 4196 uel
730 4113 895 4224 opposrtis
913 4110 1114 4224 hyperbolis
1137 4111 1341 4211 terminata,
1369 4085 1408 4194 δὲ
1424 4135 1446 4190 a

225 4227 402 4309 diametro
420 4227 607 4311 transversa
625 4227 681 4310 vel
698 4225 817 4418 ipfiuq'
818 4223 970 4306 secunda
985 4222 1150 4304 bifariam
1163 4223 1269 4324 seda,
1296 4219 1448 4410 ραταῑὶῖ
