3664 5332
377 510 380 519 .
509 429 1140 520 Dettrrrrroaa
1415 469 1466 554 75

628 697 1034 825 ALIssER.

38 947 39 960 ρ
198 860 233 940 Si
261 861 360 942 rem·
381 860 465 942 LM
482 863 688 973 asymptotis
723 863 911 968 terminata
943 864 1103 945 bifariam
1136 867 1224 947 setta
1253 865 1362 946 suerit
1392 866 1462 974 hy·
1474 869 1567 965 Figu
1575 897 1610 966 5.

252 971 396 1078 perboii
421 972 457 1052 in
477 973 525 1073 D,
554 975 666 1084 ipsam
690 971 726 1053 in
744 1001 787 1053 eo
805 977 939 1081 puusio
956 977 1149 1084 continget.
1512 993 1543 1041 n.
1564 996 1593 1042 r.

244 1179 465 1264 Manifestum
480 1189 570 1264 enirn
588 1189 635 1264 est
655 1189 776 1268 tesiam
795 1189 863 1266 LD
878 1191 962 1266 intra
978 1191 1195 1289 hyperbolum
1214 1217 1279 1264 non
1303 1195 1436 1270 transrre
1448 1225 1461 1289 ει

197 1283 323 1358 srenim
340 1287 426 1362 intra
438 1314 511 1364 earn
528 1289 687 1378 transiret,
707 1289 878 1364 necessario
894 1290 955 1388 ἱρῇ
972 1293 1077 1366 rursus
1089 1313 1277 1368 occurreret,
1288 1291 1320 1364 in
1336 1295 1461 1388 ρυηέὶο

195 1381 307 1480 aliquo
329 1381 380 1472 N,
404 1389 561 1486 quoniam
578 1386 651 1462 seiz.
669 1408 761 1461 extra
785 1389 1003 1486 hyperbolam
1019 1389 1106 1463 cadit
1131 1392 1172 1462 ad
1201 1391 1321 1486 punaa
1343 1393 1387 1478 L,
1402 1395 1457 1468 M.

196 1479 279 1556 Nou
305 1506 416 1558 autem
441 1509 608 1561 occurrere
625 1486 730 1584 potest
748 1485 940 1582 hyperboiae
967 1491 1000 1562 in
1026 1489 1092 1560 aiio
1118 1489 1243 1584 punito
1261 1509 1381 1588 praeter
1399 1491 1457 1564 Di

194 1579 326 1654 srenim
343 1577 415 1656 fieri
432 1583 551 1682 potest,
574 1603 722 1658 occurrat
738 1584 771 1660 in
794 1585 856 1670 N,;
883 1582 983 1684 igitur
995 1587 1041 1660 est
1055 1589 1090 1660 N
1095 1584 1138 1660 M
1154 1589 1287 1686 aequaiis
1303 1587 1362 1683 ἱρῇ
1374 1589 1456 1676 DL,

197 1684 272 1771 (14.
288 1672 391 1777 huj.)‚
417 1681 480 1756 hoc
495 1683 556 1771 est,
581 1709 622 1756 ex
646 1681 833 1780 hypothesi,
859 1685 917 1782 ipsi
935 1685 1027 1760 DM,
1079 1687 1183 1790 Qrod
1205 1685 1250 1758 est
1267 1681 1454 1762 absurdum.

193 1777 277 1848 Nou
308 1779 409 1876 igitur
433 1782 521 1854 cadit
549 1783 636 1856 rubia
660 1783 737 1856 LM
762 1783 848 1854 intra
877 1784 1107 1880 hyperbolum,
1136 1789 1240 1882 neque‘
1263 1785 1321 1881 ἱρῇ
1339 1787 1372 1856 in
1390 1787 1457 1858 alio

196 1877 323 1971 punao
338 1898 460 1975 praeter
476 1881 512 1956 D
527 1881 692 1965 occurrit;
721 1905 821 1978 quare
837 1881 940 1980 ipsam
957 1884 989 1955 in
1006 1907 1047 1954 eo
1063 1887 1188 1980 punbio
1203 1885 1380 1978 contingit.

241 1972 290 2046 Et
307 1997 446 2053 contra:
472 1980 507 2054 Si
521 1981 610 2064 rebla
622 1981 700 2057 LM
715 1981 887 2080 contingat
901 1981 1119 2078 hyperbolam
1137 1981 1169 2054 in
1183 1982 1231 2068 D,
1250 1984 1455 2076 segmentum

196 2071 293 2168 ipsrua
309 2075 396 2150 inter
409 2076 612 2174 asymptotos
624 2077 772 2151 bifariam
787 2079 819 2148 in
835 2083 961 2174 puncto
975 2085 1142 2154 contaetus
1154 2079 1322 2154 secabitur.

243 2172 276 2244 Si
290 2173 380 2246 enim
399 2175 573 2274 inaequaies
590 2177 652 2250 srnt
667 2176 750 2262 LD,
767 2177 860 2264 DM,
886 2202 926 2248 ex
952 2177 1075 2274 majore
1093 2179 1173 2252 ΒΜ
1188 2179 1350 2250 auferatur
1372 2177 1454 2250 MN
1483 2253 1490 2260 ,
1586 2255 1590 2266 ,

196 2269 314 2344 minori
327 2268 399 2349 LD
411 2272 565 2372 aequalis:
583 2273 745 2372 punbium
758 2273 857 2372 igitur
869 2273 906 2350 N
919 2277 980 2350 erit
996 2273 1028 2350 in
1042 2275 1234 2375 hyperbola‚
1253 2279 1267 2368 s
1275 2301 1327 2374 19.
1343 2274 1429 2376 huj.)
1443 2308 1453 2358 ;
1515 2356 1521 2374 Ι

196 2392 276 2466 ergo
291 2369 379 2444 testa
396 2371 474 2448 LM
493 2374 596 2472 ipsam
611 2371 704 2461 secat,
730 2391 846 2448 contra
863 2374 1072 2472 hypothesin.
1518 2385 1523 2393 '

246 2571 342 2646 Coa.
363 2597 392 2646 r.
418 2571 525 2660 Hinc,
551 2593 610 2669 prr
626 2569 715 2643 idem
732 2567 925 2668 hyperbuiae
939 2573 1103 2670 punbium
1118 2569 1155 2644 D
1172 2595 1238 2645 non
1256 2570 1363 2670 potest
1375 2571 1450 2646 duci
1468 2575 1537 2672 Fig.
1549 2603 1601 2672 15,

1496 2697 1517 2744 n
1548 2701 1560 2746 r

194 2675 252 2748 nisr
268 2670 364 2742 unica
377 2671 582 2768 contingens.
824 2753 828 2760 Ι
1520 2734 1527 2750 ,
1569 2731 1576 2749 ,

239 2769 291 2850 Sit
302 2773 464 2864 paruum
482 2770 515 2840 in
528 2765 710 2864 hyperboh
721 2767 771 2854 D,
793 2767 829 2839 bc
843 2789 902 2864 per
918 2762 1024 2863 ipsum
1035 2767 1174 2840 ducatur
1184 2767 1224 2838 ad
1239 2771 1452 2865 asymptuton

193 2867 257 2946 Au
281 2868 368 2942 rerba
384 2861 453 2942 DE
468 2867 561 2940 alteri
581 2864 762 2970 parallelar
800 2867 836 2937 br
864 2864 1009 2937 sumatur
1037 2862 1099 2936 ΕΒ
1124 2866 1199 2961 ἱρῇ,
1213 2865 1285 2938 ΕΑ
1303 2869 1450 2965 aequatis,

187 2967 364 3068 intibaque
386 2967 452 3042 BD
469 2983 616 3039 otuurrat
633 2961 732 3037 aiteti
749 2963 937 3060 asymptuto
958 2965 990 3035 in
1006 2965 1060 3036 C:
1092 2964 1252 3062 quoniam
1280 2961 1380 3061 igitur
1406 2983 1452 3039 atr

192 3067 300 3170 quatra
316 3064 389 3138 sunt
406 3060 481 3153 BE,
499 3063 583 3149 EA,
601 3059 743 3162 aequaier
764 3076 860 3136 erunt
876 3063 951 3158 BD,
970 3062 1061 3145 Dc,
1095 3063 1195 3160 igitur
1211 3063 1272 3136 DC
1286 3064 1453 3161 contingit
1524 3109 1527 3118 ·
1575 3154 1579 3162 .

192 3165 408 3266 hyperbolam
424 3164 458 3237 in
469 3165 516 3239 D.
567 3163 672 3235 Nassa
686 3162 874 3234 autemaiia
890 3161 977 3235 retia
989 3162 1092 3260 ipsam
1105 3165 1138 3235 in
1152 3163 1189 3234 D
1202 3163 1396 3262 continget:
1415 3166 1450 3238 si

192 3267 281 3340 enirn
300 3263 369 3337 fieri
387 3261 505 3358 potest,
530 3259 703 3356 contingat
717 3261 814 3332 etiam
829 3257 965 3334 LDMz
1004 3257 1164 3356 quoniam
1187 3261 1288 3358 igitur
1311 3264 1452 3360 aquata

189 3361 263 3437 suut
273 3362 349 3449 BE,
370 3361 453 3449 EA,
469 3360 644 3460 inaequales
658 3376 754 3430 erunt
767 3358 845 3445 LE,
864 3359 934 3430 EA
949 3388 960 3442 t
991 3360 1027 3430 bt
1043 3359 1143 3456 igitur
1159 3357 1336 3460 inequales
1355 3379 1452 3434 eruut

192 3459 272 3550 LD,
290 3459 393 3534 DM:
419 3480 502 3556 ergo
517 3459 603 3533 LM·
615 3474 681 3528 non
697 3458 864 3550 contingit
879 3457 1109 3552 hyperboium.
1163 3509 1166 3516 .

237 3561 335 3636 Coa.
354 3581 387 3634 2.
413 3559 509 3633 Hinc
526 3554 734 3630 manifestum
749 3553 809 3641 est,
826 3554 999 3652 quomodo
1014 3554 1097 3632 datis
1110 3555 1270 3650 positiobe
1284 3553 1450 3657 asympto-
1593 3561 1596 3569 '

194 3659 234 3733 tis
248 3659 444 3756 hyperboiae
461 3657 538 3744 AB,
557 3653 636 3742 AC,
661 3653 736 3726 duci
754 3655 876 3750 poterit
892 3650 979 3729 retu
999 3653 1085 3726 iinea
1101 3649 1175 3741 BQ
1196 3674 1273 3752 quae
1288 3655 1392 3754 ipsam
1416 3655 1449 3727 in

109 3799 113 3810 ·
192 3757 271 3832 dato
283 3757 412 3854 punito
429 3757 465 3829 D
480 3763 662 3850 contingat.
864 3754 882 3792 ⁴·
925 3765 928 3772 '

237 3855 334 3931 Cora.
353 3876 385 3952 3.
411 3855 445 3926 Si
467 3877 527 3950 per
542 3874 678 3926 vertices
692 3847 1056 3945 diametri-traasrtrsae
1078 3849 1239 3923 ducantur
1259 3849 1336 3922 duae
1352 3855 1449 3928 κᾶε
1465 3851 1557 3948 thu
1564 3879 1596 3946 5.

192 3953 388 4052 hyperbolas
399 3953 638 4047 contingentes,
654 3969 752 4023 eruut
765 3950 818 4024 hae
836 3951 919 4021 inter
929 3949 964 4021 se
979 3949 1155 4044 paraliesae.
1201 3949 1281 4019 'Sint
1294 3948 1372 4036 Ae,
1392 3951 1451 4031 BC
1479 3973 1510 4023 n.
1529 3974 1559 4021 2.

192 4053 380 4151 asymptoti,
408 4053 444 4124 δι
459 4051 654 4148 contingant
668 4042 781 4134 hott,
803 4041 906 4146 QPR
925 4048 1120 4144 hyperboias
1142 4048 1175 4120 iu
1193 4043 1366 4118 r'er'ticibur
1381 4047 1450 4120 dia-

193 4153 287 4226 metri
301 4147 492 4224 ttansversae
507 4140 616 4235 OCP,
641 4167 736 4219 erunt
752 4148 830 4240 AB,
847 4145 920 4246 Qu
939 4145 1023 4218 inter
1038 4147 1068 4218 se
1085 4145 1271 4240 paralitsae':
1283 4143 1401 4214 =dubtis
1417 4171 1450 4216 e-

194 4251 264 4324 nim
283 4249 326 4324 ari
347 4247 539 4322 alterutram·
554 4239 768 4344 asymptutun
785 4245 852 4415 ΑἸἓ
867 4242 1048 4329 stauos,
1067 4243 1263 4331 PT,-‘uiteri
1277 4241 1447 4339 parailes'rs,

302 4407 307 4414 .
872 4363 894 4418 a
930 4364 959 4394 ·'
1241 4365 1244 4372 ·
1351 4361 1448 4416 eruut
