3664 5332
511 441 571 524 De
636 440 1158 530 Httnttsonn.
1327 525 1334 535 ,
1434 448 1578 559 85.

257 615 526 728 proportionalis
544 617 635 700 inter
653 615 832 723 segmenta
852 615 1018 696 diametri
1036 613 1175 698 sbsciffa
1197 643 1217 698 a
1235 615 1368 723 dedis,
1397 647 1483 706 cen·
1532 598 1541 616 ’

257 753 387 836 troque
412 727 602 834 ajaceotia;
629 727 812 836 continget
829 729 926 807 reeta
941 726 1011 807 CE
1027 725 1277 834 hyperbolem.

186 969 190 978 ·
227 936 264 1008 Si
275 935 438 1010 enianE
448 959 514 1010 non
525 935 699 1033 contingat
714 933 946 1034 hyperbolem,
959 935 1133 1034 contingat
1146 961 1220 1010 eam
1230 939 1313 1023 CPa
1325 963 1410 1038 ergo
1419 965 1478 1039 per
1491 958 1562 1055 Fig,
1577 966 1637 1038 13„

203 1036 449 1132 prmcedentem
465 1037 729 1134 proportionales
744 1055 842 1110 erunt
857 1035 943 1122 AD,
958 1035 1038 1121 AB,
1051 1037 1141 1120 AF,
1168 1037 1217 1123 de,
1233 1061 1275 1110 ex
1286 1039 1476 1137 hypothesr,
1527 1083 1568 1156 19

203 1134 468 1232 proportionales
492 1135 568 1208 sunt
589 1135 679 1220 AD,
708 1136 788 1223 AB,
812 1134 911 1219 AEa
941 1133 1035 1231 quod
1062 1133 1111 1208 est
1136 1135 1334 1212 absurdum:
1377 1165 1479 1238 quare

205 1234 430 1332 hyperbolum
443 1233 609 1334 contingit
622 1234 701 1310 CE.

1568 1115 1580 1142 ΛΙ

598 1506 631 1580 Ρ
661 1507 697 1580 R
728 1505 764 1578 o
796 1506 872 1604 1³„
912 1507 1075 1632 texitis,

203 1671 242 1754 Si
256 1675 352 1754 reda
369 1671 461 1752 linea
486 1671 722 1781 hyperbolum
750 1670 958 1779 contingens
984 1672 1160 1752 diametro
1183 1673 1380 1755 transversae
1413 1703 1484 1757 oe-

254 1803 386 1883 curtat,
416 1785 455 1862 de
479 1810 500 1862 a
527 1785 625 1862 tastu
653 1783 697 1860 ad
722 1780 942 1862 diametrum
969 1784 1120 1862 ducatur
1144 1784 1337 1864 ordinatim
1361 1787 1484 1895 appli·-
1537 1851 1543 1860 .

254 1913 356 1987 cata3
383 1893 449 1972 erit
480 1891 728 2000 redaoguium
751 1911 964 1972 contentum
989 1893 1177 2000 segmentis
1201 1895 1367 1976 diametri
1386 1900 1478 1978 inter

260 2003 463 2084 ordinatam
482 2005 722 2100 decennem,
761 2003 801 2080 dc
831 2001 922 2082 inter
949 2005 1102 2082 eaodem
1127 2005 1167 2082 de
1193 2005 1482 2112 contingentem,

161 2161 167 2168 ·
255 2112 389 2221 equale
407 2111 611 2219 tetrangulo
626 2130 797 2191 contento
810 2111 998 2218 segmentis
1016 2113 1109 2191 inter
1127 2115 1327 2194 ordinatam
1342 2117 1382 2194 dc
1396 2143 1477 2196 ver-

253 2224 336 2304 dces
354 2223 542 2302 diametri:
569 2221 817 2330 redaogulum
834 2248 918 2300 veto
937 2235 1152 2302 contentum
1180 2224 1368 2330 segmentis
1385 2227 1478 2306 inter

251 2333 522 2440 contingentem
551 2333 590 2411 de
620 2352 799 2430 centrum,
829 2331 982 2410 deinter
1012 2331 1163 2412 eaodem
1193 2335 1233 2414 dc
1260 2335 1475 2437 ordinatum,

254 2441 391 2551 equale
406 2444 472 2522 erit
488 2458 657 2521 contento
674 2441 863 2550 segmentis
882 2442 972 2520 inter
989 2443 1258 2549 contingentem
1276 2445 1476 2526 &vertices

183 2551 187 2560 “
252 2553 430 2633 diametri.
487 2553 522 2631 si
554 2577 640 2632 vero
657 2551 864 2659 contingens
896 2571 1057 2631 occurrat
1090 2555 1266 2633 diametro
1301 2555 1474 2656 secundae,

252 2665 291 2742 de
314 2691 335 2741 a
359 2663 454 2741 tadu
481 2662 527 2742 ad
554 2661 773 2742 diametrum
792 2662 943 2742 ducatur
962 2662 1154 2742 ordinatim
1172 2661 1344 2771 applicata
1356 2704 1367 2758 ;
1409 2667 1476 2745 erit

252 2770 501 2880 redangulum
526 2783 739 2852 contentum
771 2771 959 2880 segmentis
987 2773 1078 2851 inter
1102 2771 1302 2852 ordinatam
1329 2775 1368 2852 de
1386 2801 1474 2853 een·

250 2897 373 2980 trum,
389 2883 428 2962 dc
446 2883 537 2962 inter
554 2881 706 2960 eandem
719 2881 758 2960 dc
775 2881 1058 2988 contingentem,
1087 2881 1220 2990 aequale
1233 2884 1410 2990 quadratis
1428 2910 1478 2964 ex,

182 3081 185 3092 ¹
250 2989 515 3072 semidiametro
532 2993 572 3071 dt
587 2992 774 3100 segmento
790 2991 878 3070 inter
892 2991 1087 3072 ordinatim
1101 2991 1472 3100 applicaramucen-
1588 3083 1590 3091 .

252 3119 352 3182 trum
366 3131 380 3180 :v
404 3099 654 3211 redangulum-
677 3127 760 3181 vero
773 3119 987 3182 contentum
1004 3102 1194 3206 segmentis
1219 3103 1309 3184 inter
1327 3105 1474 3186 contin-

251 3229 398 3320 gentem
417 3213 456 3292 δι
473 3231 653 3310 ceotmm,
682 3213 721 3291 dc
745 3211 837 3291 inter
854 3214 1007 3291 eandem
1032 3211 1071 3290 dc
1093 3212 1310 3314 ordinatam,
1338 3213 1473 3323 aequale

249 3322 315 3402 erit
340 3321 522 3428 quadratis
543 3340 590 3401 ert
607 3318 870 3402 semidiametro
887 3323 927 3402 de
945 3321 1128 3430 segmento
1149 3323 1240 3404 iuter
1257 3325 1472 3434 contingen-

252 3449 328 3512 tem
347 3433 587 3513 &centrum

177 3637 181 3650 ¹
245 3651 319 3746 Cast
339 3675 368 3725 1.
395 3651 565 3725 Occurrat·
583 3653 671 3725 reeta
693 3651 890 3749 contingens
907 3651 1129 3750 hyperbolum
1149 3651 1183 3724 i'n
1205 3649 1331 3748 pundo
1348 3650 1379 3723 C
1401 3647 1470 3722 dia·
1487 3654 1627 3755 Fr'gnd't.

179 3769 305 3824 ‘metro
321 3751 512 3824 transversae
528 3751 630 3832 BAO
646 3747 681 3824 in
698 3751 744 3839 E,
770 3751 1057 3826 ordinatimvero
1081 3749 1245 3846 applicata
1267 3749 1376 3821 eidem
1398 3749 1470 3822 dia-

194 3869 303 4022 oBrsstgs
322 3850 382 4021 ig?
391 3851 687 4024 ffiiritsinssgd)
696 3853 758 3925 erit
773 3850 1004 3950 redangulum
1013 3849 1121 3923 ΑΒΕ
1133 3847 1259 3948 aequaie
1275 3849 1469 3947 restanguio
1559 3854 1561 3862 '

300 4002 311 4036 ,
515 3974 525 4021 t
563 3973 575 4022 r
690 4007 698 4025 .

121 4061 124 4072 '
240 4047 335 4121 Nam
352 4050 511 4144 quoniam
526 3974 790 4146 Igiroportionales
808 4051 882 4123 sunt
898 4050 984 4137 AD,
1003 4049 1082 4138 AB,
1107 4047 1189 4135 ΑΕ,
1215 4046 1277 4120 erit
1292 4049 1468 4144 redangu-

193 4144 266 4218 lum
282 4146 390 4220 DAE
405 4148 533 4246 aequale
556 4147 716 4245 quadrato
739 4171 781 4222 ex
798 4149 887 4232 AB-;
926 4149 976 4238 dc,
1001 4149 1116 4223 ablatis
1131 4147 1313 4244 aequalibus
1337 4145 1466 4218 hiscea

191 4244 356 4342 quadrato
370 4271 412 4320 ex
425 4247 515 4336 AD,
539 4247 602 4320 erit
627 4248 791 4346 reliquum
816 4248 1045 4344 restangulum
1063 4245 1169 4320 ADE
1185 4246 1312 4346 aequale
1335 4244 1466 4342 reliquo

192 4345 308 4422 BDO.
359 4345 394 4421 Si
417 4371 500 4422 vero
526 4369 568 4423 ex
592 4347 790 4450 aequalibus,
810 4345 1004 4445 redarguto
1031 4345 1104 4424 seiz.
1123 4345 1231 4419 DAE
1250 4345 1286 4418 dt
1302 4341 1465 4442 quadrato

181 4493 185 4504 .
1423 4466 1471 4518 CXI
