3736 5330
547 479 1124 610 DoPtiitnuoun.
1421 510 1470 599 ¹5

191 653 321 758 quaevis
337 653 419 741 LG,
453 650 539 726 inira
553 649 621 724 axis
638 649 799 754 vertieem
814 653 855 739 F,
886 653 924 726 δι
951 669 1094 748 ponatur
1119 652 1152 726 in
1178 677 1239 727 aire
1264 655 1353 729 tetta
1380 653 1469 747 CH,

189 755 326 852 aequalis
349 753 410 850 ipsi
426 751 502 839 BG,
534 774 677 850 quaeque
703 748 809 824 m‘'or
824 751 886 823 erit
902 751 992 834 CGe
1022 772 1204 850 centroque
1222 755 1265 840 C,
1291 755 1471 832 intervallo

189 854 287 1024 'CIs''
300 852 498 1022 describbqtlur
509 849 662 936 circulus,
685 773 811 924 tegni
828 849 897 924 LG
909 849 1017 924 secans
1030 851 1064 924 in
1078 849 1209 950 punitis
1224 853 1273 939 D,
1294 853 1339 939 dr
1368 877 1466 930 erunt

192 977 202 1024 i
242 977 262 1023 a
280 976 312 1023 in
376 974 410 1022 ra
467 975 497 1022 a.

203 975 446 1123 pNanipsiueti
459 1048 533 1121 DA
548 1045 589 1118 ad
604 1045 824 1134 ditestriceni,
846 1045 1001 1144 paralleli
1017 1047 1079 1143 ipsi
1093 1047 1169 1136 GB,
1194 1048 1255 1122 erit
1266 1051 1341 1122 DA
1353 1074 1464 1149 equa-

192 1149 231 1224 lis
246 1149 324 1235 BG,
353 1148 419 1220 hoc
432 1144 492 1232 est,
520 1145 593 1219 CH
610 1146 662 1217 seu
676 1145 766 1228 cl),
800 1148 839 1218 δι
852 1145 952 1242 igitur
964 1145 1011 1218 est
1026 1145 1062 1220 D
1077 1148 1111 1221 in
1123 1148 1291 1244 parabola,
1310 1149 1414 1249 Prop.
1428 1177 1461 1228 2.

192 1245 297 1346 huj.)‚
330 1245 449 1320 eodeni
466 1247 580 1332 modo,
610 1241 711 1318 eritd
733 1245 767 1316 in
782 1243 911 1320 eadem.
1149 1292 1152 1300 ·
1414 1299 1418 1309 .

238 1444 338 1518 Coit.
365 1443 474 1530 Hinc,
492 1439 628 1516 sidetui
643 1440 807 1540 positione
822 1439 979 1514 direttrix
993 1440 1072 1529 AB,
1097 1442 1134 1515 δι
1149 1461 1263 1517 vertex
1277 1447 1357 1534 axis,
1375 1471 1463 1546 pin-

189 1542 371 1617 stumsciz.
390 1543 448 1625 F·,
476 1539 612 1614 describi
640 1541 763 1636 poterit
790 1539 957 1636 parabola,
985 1538 1139 1614 ducendo
1164 1543 1225 1616 FB
1237 1543 1402 1620 direurici
1418 1549 1463 1621 ad
1603 1614 1606 1622 ,

191 1642 298 1714 testor
310 1640 464 1737 angulos,
491 1639 529 1712 bt
541 1639 691 1712 iaciendo
703 1639 937 1736 FCaequaletn
950 1637 1012 1734 ipsi
1027 1637 1112 1724 FB,
1139 1641 1300 1716 eritenitn
1312 1645 1343 1718 C
1357 1643 1462 1724 focus.

239 1739 411 1824 Similiter,
437 1737 592 1811 sivertex
611 1739 641 1811 F
657 1738 695 1810 bt
711 1734 801 1810 socus
818 1737 848 1810 C
872 1736 1016 1820 dentur·,
1040 1737 1203 1836 jungatur
1220 1741 1294 1830 CF,
1328 1745 1366 1817 δε
1382 1769 1462 1841 pro·

189 1837 328 1912 ducatur
342 1837 444 1925 adu,
477 1853 515 1910 ut
537 1835 577 1908 fit
593 1837 654 1909 FB
666 1836 802 1934 aequalis
814 1835 887 1924 FC,
918 1836 957 1908 δι
973 1837 1061 1909 resta
1076 1861 1135 1934 per
1153 1837 1300 1914 Bdusta
1322 1842 1383 1939 ipsi
1400 1845 1462 1918 BC

192 1936 236 2009 ad
260 1936 401 2033 angulos
422 1937 528 2008 tortos
550 1934 612 2008 erit
627 1934 806 2009 direstrix:
835 1933 957 2008 sivero
977 1933 1074 2009 detur
1100 1935 1168 2010 aitis
1191 1937 1257 2012 GF
1283 1941 1462 2036 positione,

193 2035 358 2133 ipsiusque
374 2052 488 2108 vertex
503 2035 545 2122 F,
578 2035 617 2106 δε
630 2052 814 2130 parameter
830 2032 906 2118 FK,
936 2035 1123 2108 invenietur
1137 2035 1294 2110 direttrix
1311 2038 1462 2115 faciendo

190 2137 249 2210 FB
262 2134 427 2232 aqualem
441 2151 571 2229 quartat
590 2132 677 2228 parti
694 2133 871 2229 parametn
885 2132 962 2220 FK,
989 2129 1027 2204 δι’
1043 2132 1198 2207 ducendo
1214 2136 1279 2208 BA
1295 2135 1338 2210 ad
1356 2141 1461 2212 restes

191 2233 400 2332 angulosipsi
412 2233 482 2305 FB.
534 2223 693 2304 Similiter
705 2229 847 2304 inveniri
860 2231 1460 2332 potetitdirestrixexdatopositione

192 2357 262 2419 aire,
287 2331 377 2419 soco,
405 2329 442 2402 δι
466 2348 655 2428 parantetro
672 2329 751 2403 axis.
802 2329 909 2426 Igitur
929 2330 963 2402 in
981 2329 1168 2406 hiscasibus
1184 2331 1321 2408 describi
1336 2335 1461 2433 poterit

194 2431 359 2529 parabola,
384 2447 422 2504 ut
443 2429 478 2500 in
500 2427 726 2525 propositione
747 2427 822 2504 liae.

400 2679 640 2798 niori.
708 2724 830 2800 xvii.
945 2725 1248 2803 PROBL

194 2891 290 2974 Dato
318 2887 490 3000 positione
515 2914 582 2970 aire
598 2887 686 2989 FH,
715 2887 891 2996 ipsiusque
907 2887 1037 2969 vertice
1050 2891 1094 2989 F,
1123 2891 1163 2970 br
1179 2893 1316 3082 &intio
1335 2889 1375 2972 D
1391 2919 1459 2974 ex·
1553 2833 1557 2844 ⁸

243 3021 436 3099 tratrem,
465 3003 504 3080 bt
521 2996 796 3080 instaverticeni
808 3035 821 3095 ς
848 2997 1057 3108 parabolam
1068 2999 1177 3081 deseri

1224 3028 1272 3103 te,
1301 3027 1381 3110 quae
1394 3027 1459 3112 pei·

243 3111 426 3220 punitum
445 3107 607 3220 transeat.

239 3319 391 3392 nicatur
407 3315 449 3390 ad
473 3340 572 3392 arreni
591 3342 612 3390 a
630 3316 757 3414 perisso
777 3317 814 3390 D
835 3315 922 3390 retia
937 3313 1008 3391 DG
1024 3316 1078 3392 axi
1098 3317 1389 3416 perpendicularis,
1420 3319 1459 3394 ὅτ
1482 3323 1554 3422 Fig.
1569 3320 1609 3405 a:

193 3419 315 3492 duabus
332 3416 410 3504 FG,
434 3412 521 3504 GD,
545 3415 731 3489 inveniatur
746 3415 840 3488 tertia
851 3415 1108 3512 proportionalis
1119 3417 1199 3504 FK,
1224 3417 1316 3514 cujus
1329 3439 1457 3517 quartae

191 3518 281 3614 parti
303 3515 449 3589 sumatur
463 3516 600 3614 aequalis
615 3515 685 3602 FB,
714 3513 840 3612 ipsique
855 3510 912 3588 FB
929 3513 989 3587 fiat
1008 3517 1142 3614 aequalis
1155 3515 1230 3604 FC,
1260 3517 1298 3589 ὅτ
1318 3517 1457 3591 ducatur

192 3616 261 3690 BA
278 3615 338 3712 ipsi
353 3613 426 3688 DG
453 3613 634 3711 parallelae
664 3615 702 3686 ὅτ
729 3613 926 3686 describatur
942 3614 1098 3710 parabola
1123 3613 1214 3709 cuius
1239 3612 1330 3687 focus
1354 3613 1395 3687 sit
1411 3613 1455 3704 C,

193 3717 230 3789 bt
253 3713 411 3787 dirostrix
427 3713 517 3796 AB,
550 3711 698 3786 transibit
723 3711 796 3785 hate
818 3734 877 3807 per
896 3717 1059 3809 punitum
1079 3715 1126 3788 D.
1177 3713 1272 3786 Nam
1295 3715 1457 3812 quoniam
1505 3747 1510 3758 ·

190 3908 1143 3988 i,
1180 3811 1315 4006 nit
1327 3814 1457 4006 tii

191 4035 291 4109 quare
303 3935 470 4110 &unuin
485 3963 585 4084 sYest
600 4009 633 4083 in
650 3935 818 4109 parabola,
842 4008 993 4106 petCor.
1012 4017 1041 4086 1:
1069 3966 1174 4108 Prop.
1197 4035 1211 4084 i
1218 4036 1253 4107 3.
1269 3968 1352 4110 .ὴυί
1381 3939 1412 4010 J.
1443 3963 1458 3996 θ

1262 4301 1457 4379 ultor:
