3752 5320
305 483 711 580 eacrrouuur
756 439 1350 574 contemnuntur:
1391 487 1503 628 [19⁷
1632 445 1635 455 '

218 667 374 746 'addatur
401 670 631 768 rectanguium
647 667 745 742 XSR
769 666 830 756 bia,
865 665 903 740 ὅτ
927 665 990 740 erit
1015 663 1246 763 redingulum
1258 665 1370 754 TSA,
1405 665 1504 740 fimul

233 795 311 845 cum
329 771 526 868 redangulis
537 770 649 871 ert,
681 767 779 842 XSR
797 767 859 855 bis,
884 766 1012 866 aequalc
1033 764 1195 863 quadrato
1210 787 1252 838 tx
1267 767 1357 866 QS·,
1393 766 1505 839 minua

233 871 347 966 igitur,
378 871 415 943 dc
438 873 471 943 in
490 871 555 943 hoc
569 869 655 956 casu,
680 866 729 940 est
745 867 976 964 rediangulum
993 865 1092 938 TSA
1107 864 1270 963 quadrato
1285 890 1327 938 ex
1341 866 1425 968 QS:
1451 865 1503 940 est

232 989 344 1044 autem
360 969 560 1068 quadratum
584 991 625 1040 ex
641 967 822 1039 ordinatim
848 963 1012 1063 applicata
1027 963 1191 1038 diametro
1208 965 1274 1038 AB
1288 964 1321 1036 in
1339 965 1503 1061 punitos

232 1071 361 1168 oequaie
376 1069 572 1164 restangulo
586 1067 709 1150 TSA,
733 1089 828 1162 ergo,
859 1065 892 1137 in
906 1084 1046 1162 utroque
1060 1063 1146 1152 casu,
1171 1062 1219 1135 est
1232 1063 1414 1137 ordinatim
1429 1065 1503 1137 haec
1636 1143 1640 1158 ,

232 1170 397 1266 applicata
422 1168 533 1240 minor
550 1165 621 1263 ipsa
630 1167 712 1261 Qs,
741 1167 776 1238 δι
792 1183 967 1262 propterea
982 1164 1146 1260 pundium
1172 1161 1446 1236 circumferentiae
1463 1165 1524 1269 Q

233 1268 322 1340 cadit
346 1286 439 1340 extra
464 1267 654 1352 sedionem,
678 1264 743 1338 hoc
767 1263 828 1350 est,
854 1287 946 1336 arcus
961 1261 1073 1335 circuli
1089 1262 1199 1364 AQK
1215 1280 1303 1334 totus
1320 1283 1411 1336 extra
1423 1287 1501 1336 ean·

184 1421 189 1437 r
232 1367 311 1440 dem
325 1367 424 1440 cadit.
478 1365 563 1438 Etsi
580 1363 743 1462 pundum
753 1359 1040 1466 QctditinterK
1055 1360 1152 1449 &D,
1176 1359 1293 1434 eadem
1310 1361 1500 1460 sequentur,

233 1487 417 1565 parrae.
437 1465 470 1538 in
483 1465 547 1562 fig.
561 1463 638 1540 seiz.
651 1465 711 1560 69.

592 1747 693 1852 nn
729 1777 764 1850 o
798 1775 840 1852 r.
917 1769 1137 1854 xxxvnr.
1207 1739 1223 1882 f

233 1951 365 2045 Iisdem
385 1955 623 2054 manentibus,
652 1953 850 2034 ficitculus
864 1953 1261 2034 abscindatadiametro
1273 1951 1501 2062 segmentum

282 2067 403 2173 majus
423 2067 529 2146 latere
546 2065 653 2175 ipfius
671 2069 781 2163 redo,
822 2065 924 2142 cadet
941 2063 1094 2144 circulus
1111 2084 1209 2143 extra
1227 2061 1421 2143 sectionem
1434 2091 1498 2144 co-

285 2178 410 2256 nicam
438 2177 481 2254 ad
508 2177 673 2282 utrasque
691 2195 803 2281 partes
820 2173 958 2252 verticis
975 2173 1139 2252 diametri
1164 2175 1298 2278 inquo
1324 2173 1501 2278 contingit

287 2289 426 2366 tedam
454 2284 612 2364 lineam:
651 2281 780 2362 fiveto
796 2281 948 2362 circulus
972 2282 1151 2362 abscindat
1179 2283 1406 2390 segmentum
1426 2285 1501 2362 mi-

287 2423 355 2475 nus
383 2395 489 2474 latere
516 2397 626 2494 redo,
660 2393 762 2475 cadet
789 2391 880 2472 intra
912 2391 1104 2473 senionem
1134 2392 1178 2474 ad
1199 2391 1364 2501 utrasque
1387 2387 1503 2504 partes¹

226 2599 237 2620 ἱ
288 2505 449 2612 ejusdem
466 2504 615 2588 verticis.

284 2723 335 2798 Sit
346 2719 444 2798 sectio
454 2722 582 2810 conica,
606 2717 696 2819 cujus
707 2717 868 2796 diameter
880 2717 928 2794 est
944 2719 1023 2808 AB,
1041 2718 1209 2819 ipsamque
1218 2717 1391 2818 contingat
1405 2721 1497 2807 Ac;
1513 2719 1650 2818 ligno.

236 2819 277 2897 fit
294 2841 404 2898 autem
429 2822 639 2918 segmentum
665 2821 819 2896 diametri
839 2821 913 2892 AD
940 2817 1043 2915 majus
1058 2821 1149 2906 AH,
1185 2820 1285 2893 latere
1309 2821 1400 2894 redo
1423 2821 1495 2897 seiz.
1540 2843 1600 2918 71.

236 2922 337 3020 ipsius
352 2923 440 3004 AB;
467 2921 505 2994 dt
517 2919 716 2994 describatur
730 2920 869 2994 circulus
880 2920 1002 3007 AKD,
1027 2919 1085 3016 qui
1099 2919 1273 3018 contingat
1288 2920 1413 2992 redtam
1430 2921 1499 2993 AC

237 3021 271 3094 in
293 3023 343 3108 A,
369 3022 407 3094 dr
423 3019 563 3094 transeat
586 3043 646 3117 per
663 3019 826 3132 pundum
843 3019 899 3092 D:
938 3019 962 3091 sr
977 3018 1116 3132 circulus
1133 3018 1265 3092 sedioni
1281 3015 1431 3132 nuspiam
1442 3043 1499 3093 oc·

235 3116 1130 3318 ittatutatutairratiisttdtitdt
1142 3117 1499 3316 :tigridium

236 3337 309 3392 tum
324 3317 414 3404 AH,
439 3341 498 3414 per
513 3316 657 3413 praeced.
674 3315 763 3390 cadit
772 3334 867 3390 extra
879 3314 1056 3389 sedionem
1072 3316 1112 3388 ad
1126 3340 1228 3390 unam
1238 3337 1367 3414 purtem
1382 3319 1498 3414 puncti
1776 3381 1782 3398 J

235 3417 286 3505 A,
316 3416 467 3488 &extra
491 3416 580 3490 hunc
601 3415 689 3488 cadit
711 3415 851 3488 circulus
869 3415 990 3489 AKD.
1043 3415 1077 3488 Si
1098 3435 1209 3490 aurem
1229 3415 1368 3489 circulus
1384 3413 1495 3489 AKD
1512 3415 1650 3516 Fiqu,

236 3514 370 3590 sectioni
386 3532 548 3600 occurrat,
573 3532 612 3587 ut
627 3515 661 3586 in
675 3514 802 3611 pundo
817 3513 864 3601 K,
891 3513 950 3585 fiat
962 3514 1031 3585 Ac
1043 3516 1177 3612 aequalie
1192 3513 1285 3587 lateri
1301 3517 1390 3589 redo
1405 3516 1496 3603 AH,

237 3615 275 3688 dt
289 3611 360 3686 ΑΕ
374 3613 436 3710 ipsi
450 3613 536 3702 AD,
556 3612 749 3711 junctaeque
761 3613 834 3700 BC,
858 3611 930 3686 DE
946 3611 1005 3686 fibi
1022 3613 1100 3710 ipsu
1115 3632 1288 3686 occurrant
1297 3614 1333 3684 in
1349 3613 1380 3699 b,
1407 3614 1448 3702 dc
1455 3615 1499 3687 ad

236 3711 304 3788 AB
319 3713 456 3786 ducatur
467 3713 507 3785 ba
523 3713 677 3810 parallela
691 3712 752 3809 ipsi
765 3711 846 3799 Ac,
873 3709 1079 3810 &jungatur
1090 3713 1148 3786 Ka
1163 3743 1175 3796 a
1202 3711 1311 3787 sthaec
1323 3714 1499 3810 contingat

235 3812 397 3900 circulum
416 3813 535 3899 AKD,
561 3813 624 3887 erit
640 3831 727 3886 totus
741 3811 881 3886 circulus
893 3829 986 3883 extra
1000 3811 1204 3894 sestiunema
1229 3811 1352 3886 sivero
1364 3813 1420 3885 Ka
1432 3815 1498 3888 cir-

233 3912 312 3986 culo
328 3911 434 3984 rursus
448 3930 610 4000 occurrat,
635 3911 768 3998 utini,
793 3911 856 3986 erit
871 3933 962 3983 arcus
974 3910 1069 3983 KAk
1086 3929 1173 3984 totus
1189 3930 1281 3984 extra
1298 3910 1496 4009 ,sedtionem

236 4011 379 4108 reliquus
394 4033 475 4082 vero
493 4009 601 4082 intra:
633 4007 777 4082 *ducatur
792 4011 883 4084 enim
900 4010 970 4082 KL
987 4009 1264 4106 perpendicularis
1278 4009 1320 4081 ad
1338 4010 1411 4082 AG
1427 4011 1500 4083 dia-

237 4131 383 4182 metrum
400 4108 525 4192 circuli,
556 4128 770 4206 occurratque
788 4109 861 4180 AD
878 4109 912 4180 iu
931 4109 988 4196 M,
1021 4108 1098 4204 ipfis
1111 4131 1192 4181 vero
1205 4107 1277 4195 BC,
1310 4109 1379 4182 DE
1395 4110 1428 4180 in
1446 4111 1497 4198 N,

235 4208 275 4278 Ο
288 4207 443 4305 punitis,
470 4207 613 4279 sumatur
630 4231 712 4280 veru
724 4207 886 4304 pandum
902 4207 1044 4304 quodvis
1060 4208 1089 4280 P
1106 4209 1139 4280 in
1153 4231 1228 4282 arcu
1247 4209 1315 4295 At,
1347 4209 1432 4281 inter
1449 4234 1500 4283 re·
1581 4249 1583 4256 ·

235 4305 305 4382 &aa
326 4305 400 4380 sciz.
427 4307 499 4395 Aa,
512 4306 571 4395 ar,
606 4307 643 4380 &
659 4305 720 4404 ipsr
738 4307 807 4382 AC
824 4305 977 4404 parallela
992 4306 1131 4382 ducatur
1149 4310 1410 4416 Procurrens
1419 4308 1501 4484 {alsit

1481 4459 1499 4502 θ
