3736 5330
183 475 379 568 ‚vi
568 462 1329 556 nummulo.

337 642 653 744 sectionuhns‘conicie
666 657 871 736 curvaturam
889 639 1098 730 hebmtihucc
1121 665 1188 744 que
1203 655 1306 717 tomen
1316 646 1417 744 magis
1426 651 1610 748 geometrice

345 751 486 822 veterum
500 743 931 918 mmd‘mnst'aiaeiffm·
1245 784 1248 794 ,

822 867 839 914 e

395 847 441 921 Ut
456 849 557 942 igitur
572 845 645 920 huie
660 845 741 917 malo
755 849 770 919 i
816 847 822 860 '
838 869 855 914 s
861 835 1003 940 serpenti
1017 853 1213 930 occurratur,
1231 855 1267 914 at
1286 865 1322 916 ue
1333 843 1523 935 Geometria,
1536 869 1615 942 que,

337 947 512 1044 farragine
530 946 639 1017 calculi
652 945 847 1018 arithmetici
863 941 918 1015 diu
933 940 1077 1042 oppress,
1102 941 1221 1014 inculto
1293 943 1430 1039 negleiio
1441 947 1544 1042 jacet,
1574 943 1619 1018 ad

341 1045 508 1144 pristinam
532 1047 566 1116 in
590 1043 670 1139 hisce
684 1046 823 1129 eupator
844 1043 886 1118 {nl
906 1041 1156 1137 perspicuitatem
1181 1040 1394 1137 quodammodo
1419 1047 1614 1135 restituetur,

347 1157 438 1244 utque
453 1149 672 1216 incrementum
686 1143 885 1239 qualecunque
898 1145 1044 1236 accipiat,
1064 1139 1230 1214 Elemmta
1252 1141 1348 1214 hacce
1371 1145 1615 1246 conseripsemuu
1724 1160 1732 1184 ¹

254 1241 257 1250 ’
347 1248 382 1318 in
396 1243 505 1340 quihus
520 1241 639 1342 quidem
646 1242 797 1338 sectiones
811 1245 921 1314 conica
942 1240 1131 1338 exipsorum
1146 1241 1181 1310 in
1190 1239 1288 1335 plano
1301 1239 1552 1339 descriptionibus
1563 1242 1616 1316 dc-

337 1343 511 1436 sniuntor,
536 1339 715 1436 affittiones
724 1361 801 1412 vero
816 1339 981 1413 eorundem
992 1341 1176 1436 geometrice
1191 1337 1444 1433 demonstrantur.
1495 1345 1542 1416 Ut
1556 1365 1616 1416 au.

348 1456 411 1514 tem
425 1443 563 1538 ipsorum
577 1444 664 1538 origo
670 1442 832 1537 primario
844 1441 1020 1532 exsectione
1033 1437 1199 1529 conismcul
1208 1439 1416 1535 innotesceret,
1432 1446 1533 1538 vr'sum
1539 1443 1614 1540 suit
1754 1530 1759 1538 .

349 1539 509 1634 Apollonii
518 1543 643 1636 primas
663 1543 780 1638 aliquot
802 1539 989 1632 definitiones
1002 1539 1044 1614 δᾶ
1061 1538 1277 1633 propefitiones
1293 1539 1373 1610 libro
1393 1545 1498 1636 primo
1520 1563 1615 1614 omme·

252 1655 256 1660 ·
348 1647 443 1726 itere,
469 1663 598 1736 quorum
622 1659 676 1737 ope
690 1641 772 1736 seiz.
799 1637 971 1730 ostendetur
993 1659 1109 1710 curvos
1132 1639 1166 1707 in
1187 1640 1282 1731 plano
1304 1637 1473 1734 descriptas
1498 1641 1616 1737 easdem

349 1744 469 1811 omnimo
484 1738 536 1838 ese
550 1762 627 1835 quas
638 1754 796 1812 veteresa
804 1741 938 1835 senione
951 1739 1018 1810 coni
1033 1735 1231 1811 derivarunt.
1533 1797 1538 1810 .

381 1828 641 1934 'Propositionum
644 1835 831 1934 jamdudum
842 1839 1033 1934 cognitarum
1049 1859 1108 1910 non
1118 1855 1226 1930 paucae
1237 1835 1503 1929 demonstrationes
1513 1859 1612 1926 nove,

348 1936 485 2036 quedam
507 1939 603 2010 ctiam
625 1961 713 2008 nova
723 1935 939 2032 propofite'ones
954 1934 1189 2030 insequentibus
1210 1935 1390 2010 traduntur.
1427 1935 1517 2010 ·Hos
1530 1943 1615 2010 inter
1712 2013 1715 2022 .

348 2036 544 2110 numeranda
556 2037 633 2134 sunt
659 2060 702 2110 ea
719 2061 785 2134 qua
812 2038 848 2108 in
864 2035 980 2130 scholia
996 2036 1167 2129 Prop.47.
1185 2033 1260 2109 Lib.
1274 2059 1307 2132 5.
1334 2035 1614 2125 enhaemo&

348 2137 611 2232 Propp.44.45.
638 2134 784 2234 hostesque
809 2135 921 2232 cosuse
958 2155 1088 2232 quornm
1115 2138 1264 2230 originem
1333 2158 1402 2207 num
1418 2135 1523 2227 esthic
1544 2151 1615 2216 tra·¹

347 2235 432 2311 dere.
484 2235 609 2308 Multis
623 2234 665 2307 ah
678 2235 751 2308 hinc
772 2237 865 2306 annis
884 2257 997 2307 mtecum
1019 2237 1255 2304 communicavit
1323 2235 1528 2309 athematicuc
1548 2241 1614 2310 ccci·

349 2341 443 2423 mins,
467 2339 524 2408 crit
539 2334 728 2427 domofflmum
764 2333 901 2431 vmihique
915 2333 1119 2424 amicissimos,
1143 2332 1273 2405 Colimus
1288 2333 1489 2423 hiaclceerin,
1514 2341 1548 2410 in
1563 2336 1613 2407 A.

306 2507 309 2515 ,
348 2435 486 2507 cadermo
499 2431 726 2530 Edinhurgerfi
738 2433 919 2529 Mothesecs
940 2432 1107 2530 Presqlscr,
1132 2432 1214 2504 hunc
1228 2434 1325 2505 locum
1336 2432 1484 2525 solidum,
1509 2441 1614 2530 (quem
1686 2521 1691 2532 Ι

348 2536 472 2607 inuenit
487 2531 645 2630 posquam
660 2535 718 2627 ipſs
728 2529 911 2624 ostenderam
926 2531 1023 2604 locum
1034 2528 1164 2626 planum
1184 2537 1220 2603 in
1235 2531 1305 2626 casu
1328 2553 1385 2628 quo
1407 2536 1476 2606 trio
1493 2543 1613 2632 punita

347 2631 429 2706 dota
445 2632 577 2729 suntin
603 2637 690 2705 retia
713 2632 826 2726 linea),
845 2633 926 2728 seiz.
956 2631 992 2704 Si
1015 2629 1301 2727 atribus‘punitis
1322 2632 1419 2719 datis,
1444 2657 1522 2730 quae
1543 2655 1611 2708 non
1677 2643 1680 2650 ’

295 2723 303 2738 ’
348 2733 424 2805 sunt
449 2733 598 2806 incesta
622 2731 719 2819 linea,
743 2731 907 2804 ducantur
924 2749 988 2804 tres
1010 2731 1108 2805 reeeae
1133 2729 1242 2818 lineae,
1281 2729 1319 2802 ht
1343 2729 1488 2827 ipsarum
1511 2733 1614 2806 inter·

341 2829 503 2904 >seimona
517 2829 596 2905 duae
617 2847 756 2928 tangant
779 2833 884 2904 rectas
900 2828 1062 2927 posotione
1076 2828 1194 2912 datm
1235 2845 1350 2925 tanget
1365 2829 1489 2930 reliqua
1511 2833 1612 2910 ieetce·

216 2921 223 2934 '
347 2929 453 3024 sectio,
462 2929 639 3004 sectionem
649 2931 800 3002 mnicam
810 2929 976 3026 positione
989 2929 1102 3002 datum
1119 2959 1130 3012 ς
1154 2942 1245 3030 atque
1251 2927 1352 3017 stmul
1363 2930 1535 3004 methodum
1549 2931 1613 3004 ele-

343 3025 550 3126 gantffmam
564 3027 760 3122 describendi,
786 3045 841 3121 ope
853 3029 947 3125 husus
967 3027 1038 3114 loci,
1055 3031 1219 3123 sectionem
1228 3047 1289 3126 per
1304 3027 1382 3102 dota
1396 3037 1615 3128 quinqueper-

346 3135 411 3202 iio.
465 3127 537 3220 qul
558 3129 675 3224 aliquot
690 3151 766 3202 vero
788 3149 884 3200 annos
899 3131 1052 3201 marromt
1066 3127 1146 3200 mihi
1158 3128 1323 3222 sectionem
1342 3133 1476 3202 corsicam
1490 3130 1613 3227 semper

346 3225 532 3323 descriptum
555 3230 601 3300 iri
615 3243 800 3326 quotcumque
812 3225 1001 3326 assmomtm
1011 3233 1138 3324 pomiim
1165 3225 1207 3301 td
1227 3231 1319 3297 reete
1332 3227 1432 3316 linea,
1456 3227 1614 3302 dummodo

345 3347 455 3400 earum
478 3327 704 3421 interfectiones
726 3347 840 3413 omnes,
865 3327 929 3400 und
950 3326 1087 3422 euceptd,
1102 3331 1132 3418 ·(
1131 3323 1286 3398 monebam
1305 3341 1409 3400 autem
1423 3327 1520 3423 ipsum
1529 3346 1613 3424 pou·

318 3463 320 3474 ·
347 3431 448 3500 ciores
454 3426 595 3522 sufficere
594 3435 624 3520 s,
651 3439 784 3523 tangant
800 3431 904 3514 nelias
918 3427 1065 3522 posttione
1079 3423 1198 3507 &lose
1222 3425 1332 3498 horum
1345 3424 1613 3521 demonstrationes

347 3526 452 3600 nullas
468 3529 658 3620 irnpmtivit,
683 3549 759 3622 quas
771 3539 874 3598 tamem
889 3528 1043 3599 lemmatis
1057 3525 1211 3620 cnjccsdam
1223 3521 1418 3598 Neutoniani
1431 3543 1486 3620 ope
1491 3526 1530 3622 sc
1541 3551 1612 3601 cooe-

337 3625 445 3724 secrffe
467 3623 598 3700 dicebat.
649 3625 730 3698 Cum
754 3641 858 3698 autem
877 3625 972 3722 ὄψις
996 3625 1067 3712 loci,
1093 3625 1135 3700 ts
1160 3622 1295 3697 methodi
1311 3625 1476 3718 selliumem
1499 3626 1610 3723 descri-
1655 3681 1662 3700 .

346 3723 437 3798 hendi
449 3748 487 3796 ece
510 3745 545 3797 eo
554 3721 730 3819 pcndmtic,
755 3723 1037 3814 demonstrationem
1060 3723 1288 3820 invesligorem,
1312 3721 1409 3796 incidi
1430 3727 1466 3796 iet
1488 3725 1609 3822 Propp.
1655 3767 1663 3782 ·

346 3822 424 3897 lib.
440 3849 473 3916 5.
489 3823 565 3918 jam
588 3837 784 3898 memoratas.
835 3824 984 3921 Dehisce
1003 3827 1252 3898 vcrcLeeiorem
1267 3822 1443 3896 monendum
1463 3822 1550 3914 ducti,
1574 3837 1612 3898 ut
1769 3869 1773 3874 -

347 3924 410 4016 ipse
413 3920 538 4017 judicet
554 3939 700 4020 quantum
716 3925 810 3995 amici
824 3927 955 3996 invento
969 3921 1050 4017 hisce
1069 3921 1179 4012 nosris
1194 3923 1390 3997 contulerint.

298 4105 305 4112 ,
396 4024 554 4108 Ismenius,
581 4021 625 4095 L.
641 4024 679 4096 B.
702 4023 876 4097 conversas
898 4019 1088 4118 quorundam
1108 4021 1341 4116 propositionum
1360 4021 1611 4114 demoeesratione

270 4201 275 4212 ¹
346 4119 398 4190 hia
415 4125 564 4206 munitas,
600 4145 676 4217 qnos
692 4125 775 4216 seiz.
807 4125 991 4224 recentiores
999 4121 1070 4212 sone
1085 4121 1150 4196 nlla
1169 4119 1420 4207 demonstratione
1434 4123 1608 4218 usurpamt3

345 4242 402 4316 quo
408 4219 464 4309 fit,
491 4235 527 4290 ut
538 4221 595 4314 ipfi
606 4223 769 4315 aliquoties
782 4224 817 4293 in
829 4243 949 4291 errores
964 4218 1115 4307 incidant,
1140 4223 1228 4292 iniis
1243 4225 1390 4294 nimirum
1404 4220 1608 4312 denominam-

346 4317 396 4392 de's
411 4345 476 4418 quae
488 4324 529 4394 'ecc
550 4319 602 4392 his
616 4317 781 4396 conversa
796 4317 942 4418 pendent.
995 4319 1056 4407 Et,
1082 4341 1120 4392 ne
1143 4319 1199 4396 hoc
1226 4333 1340 4394 temere
1361 4319 1463 4394 dicere
1482 4319 1607 4494 m'dleqr,

763 4441 767 4449 ·
1546 4425 1610 4496 iet
