3664 5332
296 438 707 535 SECTlONUM
750 437 1169 526 coutentium
1211 437 1495 557 Lib.‘·1v.·105

211 620 350 696 tionales
366 601 462 694 ¹erunt
477 617 569 712 HD,
587 615 677 704 HG,
689 615 762 690 HF
771 643 786 699 ς
807 613 951 790 apodes
967 614 1070 714 igitur
1085 614 1161 692 sunt
1175 615 1266 706 HE,
1279 617 1353 700 HF
1363 650 1376 707 ς
1400 619 1502 722 quod,
1522 649 1539 688 .:

206 719 284 794 fieri
300 745 368 793 non
386 717 495 816 potest
506 745 521 792 ε·
545 717 582 790 &
599 713 741 814 proinde
759 735 831 790 tran
861 715 909 790 bit
925 715 1084 790 diameter
1101 739 1162 816 per
1175 716 1218 796 C.
1348 811 1354 818 Ι

209 1009 214 1016 ,
259 915 355 992 Con.
377 941 406 990 1.
433 915 529 990 Hinc
552 911 764 988 manifestum
781 913 841 1007 est,
866 913 990 990 rectam
1011 937 1090 1015 quae
1111 937 1172 1013 per
1194 915 1394 998 contorium
1410 917 1493 998 dua·

209 1041 288 1089 rum
309 1016 592 1112 contingentium,
621 1016 658 1086 &
687 1013 836 1087 medium
864 1019 1028 1116 punctum
1056 1017 1156 1090 rettae
1177 1014 1492 1115 conjungentium-

210 1115 354 1188 tundem
369 1113 540 1188 contaetus
556 1114 691 1200 transit,
710 1112 910 1188 diametrum
928 1113 1000 1188 effe.
1377 1117 1381 1126 '

262 1215 360 1288 Con.
376 1237 409 1286 a.
429 1211 476 1284 Et
491 1211 693 1285 diametrum
705 1236 854 1310 quaeper
867 1211 1063 1296 coneursum
1078 1212 1349 1311 contingentium
1362 1215 1491 1304 tranfit‚

210 1313 365 1388 bifariam
383 1313 486 1385 secare
502 1311 627 1385 rectam
639 1312 902 1412 quaeeontadlus
917 1310 1104 1418 conjungit.

260 1413 357 1486 Con.
375 1437 407 1506 3.
436 1409 484 1484 Et
501 1412 631 1486 fireela
645 1411 843 1508 contingens
858 1411 1037 1485 sectionem
1049 1411 1213 1484 diametro
1225 1429 1389 1502 occurrat,
1415 1437 1491 1511 per-

209 1536 275 1610 que
303 1513 466 1608 punctum
491 1513 662 1586 contaetus
685 1509 825 1590 ducatur
854 1509 1038 1586 ordinatim
1058 1509 1224 1584 diametro
1246 1513 1432 1610 applicata.
1450 1510 1491 1586 de
1530 1541 1538 1548 ·

210 1611 414 1709 producatur
429 1609 471 1682 ad
487 1609 691 1698 sectionem,
709 1613 898 1712 -reeta-quae·
908 1633 967 1706 per
982 1608 1153 1686 occursum
1170 1612 1397 1709 oontingentir
1410 1633 1490 1686 eum

162 1717 165 1720 ’
210 1707 389 1794 diametro,
416 1709 453 1780 δε
469 1710 631 1806 ρυῐιέὶυιη
645 1733 714 1806 quo
725 1709 907 1782 ordinatim
923 1709 1090 1808 applicata
1106 1710 1240 1784 [astioni
1256 1710 1363 1791 rursus
1373 1733 1492 1798 occur·
1533 1758 1540 1766 ·

207 1810 271 1896 rit,
291 1808 467 1906 continget
482 1808 516 1882 in
530 1808 596 1884 hoc
614 1808 945 1905 punctoseuionem.
1067 1830 1069 1836 ·
1381 1898 1392 1940 Ι

493 2116 712 2192 PROP.
781 2115 836 2192 ll..
932 2113 1260 2196 P'RO‘BL..

211 2281 309 2363 Dara
327 2247 496 2387 positione
513 2281 665 2361 scaione
678 2271 818 2381 conici,
845 2243 988 2390 ejusque
1007 2283 1203 2378 diametro,
1227 2307 1289 2390 per
1307 2281 1437 2368 datam
1451 2281 1489 2364 in

266 2391 418 2474 sectione
435 2383 616 2500 punctum
635 2391 828 2474 ordinatim
846 2393 1025 2474 diametro
1041 2392 1255 2502 applicatam
1272 2392 1416 2478 ducere.
1486 2399 1490 2504 ζ
1555 2441 1558 2452 ·

260 2597 311 2674 Sit
338 2597 447 2672 sectio*
467 2599 614 2696 primum
640 2599 808 2698 parabola,
839 2599 930 2692 cujus
957 2598 1118 2675 diameter
1135 2599 1428 2698 CH,''datumque
1452 2604 1487 2679 iu
1514 2611 1638 2710 Figss'r,
1666 2666 1690 2682 .,
1776 2699 1778 2706 s

212 2695 354 2772 sectione
371 2700 411 2771 fit
424 2704 586 2796 punctum
605 2697 662 2782 B,
695 2699 732 2770 δι
748 2698 790 2770 ad
816 2696 1020 2772 diametrum
1046 2696 1185 2770 ducatur
1201 2699 1330 2794 quaevis
1344 2699 1426 2788 BH,
1451 2704 1489 2776 ὅτ

212 2796 417 2894 producatur
432 2797 474 2868 ad
488 2798 534 2884 K,
561 2817 598 2870 ut
614 2797 756 2896 aequales
772 2797 837 2872 srnt
853 2797 935 2884 BH,
952 2795 1041 2883 HK,
1055 2811 1184 2894 ¹perque
1197 2797 1408 2893 praetonat
1424 2798 1489 2872 du·
1534 2850 1537 2856 -

209 2914 304 2973 catur
325 2897 387 2993 ipsi
410 2897 481 2969 CH
500 2895 654 2994 parallelo
678 2897 764 2984 KA,
789 2919 869 2995 quae
889 2895 1058 3009 parabolae
1083 2895 1258 2970 necessario
1283 2915 1436 2973 ooeurret
1451 2899 1492 2972 in'
1535 2949 1537 2953 -

207 2995 337 3094 punl'to
353 2995 464 3092 aliquo
477 2995 527 3082 A,
554 3003 604 3088 (4.
617 2995 675 3070 lib.
692 2999 742 3088 ι.)
756 3023 772 3069 ε·
802 2995 866 3070 erit
882 2997 1000 3094 juncta
1022 2994 1100 3068 BA:
1112 2993 1294 3070 ordinatim
1322 2996 1489 3094 applicata
1533 3025 1540 3064 ι

210 3093 378 3170 diametro
392 3093 476 3170 CH.
525 3095 640 3179 Nam,
651 3115 788 3192 propter
799 3096 941 3193 aequales
953 3093 1037 3182 BH,
1054 3093 1144 3182 HK,
1158 3093 1201 3168 a&
1212 3096 1383 3192 parallelas
1396 3097 1487 3186 DH,
1507 3157 1542 3174 ,t
1665 3139 1670 3146 ·

210 3193 301 3279 ΚΑ,
327 3193 469 3290 aequales
482 3214 579 3266 erunt
592 3195 669 3280 BD,
697 3194 784 3268 DA.
1231 3217 1233 3224 ’
1676 3239 1685 3260 ι
1744 3263 1745 3268 ,

261 3293 428 3378 Secundo,
455 3293 505 3366 Sit
521 3291 621 3366 ladio
636 3291 769 3388 ellipsis,
794 3291 850 3364 vel
875 3289 1489 3390 opposttaelrypetbolae,-s1tquedata
1512 3301 1585 3398 Fig.
1603 3324 1637 3379 a.
1671 3327 1676 3346 ·

208 3390 373 3466 diameter
389 3393 484 3480 KM,
510 3393 740 3488 punctumque
764 3391 816 3474 B,
851 3389 990 3462 ducatur
1007 3414 1066 3487 per
1083 3393 1112 3464 B
1127 3389 1289 3468 diameter
1304 3393 1416 3480 BKL,
1446 3393 1503 3468 δι’
1533 3454 1537 3462 .
1610 3456 1617 3468 .

208 3514 271 3590 per
286 3491 338 3580 L,
361 3491 420 3588 ipsa
438 3491 518 3566 KM
542 3489 709 3588 parallelar,
734 3489 873 3564 dueatur
887 3489 971 3578 La,
997 3489 1267 3588 quae-seuionem
1284 3491 1338 3564 vel
1354 3490 1485 3568 emtin.
1532 3541 1537 3546 -

208 3611 281 3696 get,
306 3591 361 3662 vel
374 3590 436 3684 ipsa
454 3589 558 3666 rursus
572 3609 742 3676 occurret:
768 3588 793 3662 fi
808 3589 994 3686 contingat,
1019 3590 1082 3663 erit
1094 3588 1255 3664 diameter
1271 3589 1352 3664 ΚΜ
1366 3586 1484 3686 oonju·
1515 3645 1521 3654 ι

210 3709 290 3788 gata
308 3689 370 3786 ipsr
387 3689 450 3762 RL
465 3690 498 3760 in
511 3691 631 3786 ellipsr,
660 3697 735 3784 (14.
755 3685 813 3764 lib.
828 3693 892 3781 a),
918 3689 1057 3786 ideoque
1074 3687 1309 3786 BLparollela
1322 3687 1371 3760 est
1393 3687 1485 3763 ordi·
1531 3735 1536 3744 ·

210 3791 318 3886 rtatim
334 3789 506 3884 applicatis
517 3790 681 3862 diametro
698 3789 792 3876 KM,
819 3787 919 3881 (Cor.
934 3815 968 3880 4;
988 3813 1043 3878 14.
1058 3787 1116 3862 lib.
1130 3795 1196 3881 a.).
1247 3788 1286 3861 In
1301 3787 1486 3884 hyperbola
1528 3825 1540 3846 ··

210 3911 307 3975 vero,
332 3889 493 3985 quoniam
506 3889 588 3961 ΚΜ
601 3887 754 3985 parallela
769 3885 817 3960 est
832 3887 1041 3985 contingenti
1051 3911 1118 3985 per
1132 3887 1178 3972 L,
1202 3887 1265 3960 erit
1276 3887 1357 3961 ΚΜ
1368 3886 1488 3962 elidem
1511 3901 1587 4000 1⁴35
1598 3925 1645 3996 4³·

211 3985 378 4084 pofitione
410 4009 487 4058 cum
514 3987 679 4062 diametro
711 3985 849 4059 secunda
879 3985 979 4086 ipsrus
1008 3986 1091 4074 KL,
1129 3983 1227 4080 (eet.
1256 4009 1309 4062 rr.
1340 3986 1398 4060 lib.
1418 3990 1528 4082 3.),.,

209 4083 355 4184 proinde
372 4085 528 4182 parallela
552 4087 614 4160 erit
639 4085 709 4160 KL
730 4083 913 4158 ordinatim
935 4085 1107 4182 applicatis
1123 4083 1288 4158 diametro
1303 4085 1397 4160 ΚΜ.
1449 4085 1486 4158 Si

211 4208 296 4256 vero
309 4184 381 4256 LA
395 4182 529 4256 sectioni
543 4185 648 4258 rursus
658 4201 819 4272 occurrat,
846 4202 883 4256 ut
898 4184 933 4256 in
948 4185 998 4278 A,
1019 4181 1180 4282 jungatur
1197 4187 1263 4258 BA
1280 4207 1357 4282 quae
1372 4205 1487 4258 occur·

214 4301 266 4356 rat
282 4281 448 4358 diametro
464 4283 544 4358 KM
561 4285 595 4358 in
612 4285 677 4359 D:-
705 4285 742 4360 dt
761 4283 922 4454 quongm
937 4283 1081 4382 equales
1096 4285 1170 4360 sunt
1181 4284 1262 4374 ΒΚ,Ι
1273 4283 1359 4375 KL,
1374 4307 1487 4457 aeqtpa·

209 4395 216 4404 .
391 4407 400 4416 ,
1452 4406 1507 4458 et:
