3736 5330
337 495 396 602 4⁶
475 483 892 573 suerrontunt
935 449 1352 572 contemtum
1403 487 1564 581 atara

396 666 590 773 intercepta
609 665 683 746 DC
712 664 803 744 inter
819 661 1013 743 ordinatim
1040 659 1255 770 applicatam
1285 666 1326 746 dc
1347 685 1516 747 centrum
1533 670 1617 778 pro-¹

246 854 253 876 ,
398 776 637 888 portionalem
663 773 847 881 continget
864 775 960 852 redla
978 771 1048 851 BL
1065 771 1200 880 ellipfin
1216 773 1253 851 in
1273 775 1332 854 E:
1374 775 1429 855 vel
1447 778 1616 880 secundo,

69 883 76 890 ’
398 887 549 967 firedlae
566 886 657 968 inter
670 885 850 993 punctum
869 882 904 960 L
920 883 960 962 dc
973 879 1117 961 vertices
1132 881 1297 961 diametri
1311 882 1444 965 luerint
1461 888 1553 985 inter
1570 888 1617 986 se,
1701 981 1704 986 ¹

398 1018 442 1078 ut
459 999 562 1075 κᾶε
578 995 671 1074 inter
686 993 880 1073 ordinatim
898 990 1113 1100 applicatam
1136 992 1178 1072 de
1193 991 1337 1072 eosdem
1356 998 1525 1078 vertices:
1563 995 1620 1078 vcl

401 1107 523 1202 tertio,
551 1103 579 1186 st
594 1121 749 1212 quatuor
767 1105 870 1182 reelae
887 1101 977 1180 inter
990 1101 1192 1182 ordinatam
1211 1101 1550 1214 &2s1ngutapunrta
1568 1108 1618 1205 L,

399 1221 452 1314 A,
481 1215 525 1312 Β,
554 1217 612 1296 C:
636 1211 693 1292 vel
703 1212 870 1318 denique,
891 1211 1083 1316 srquatuor
1102 1215 1203 1292 reeta
1221 1213 1312 1291 inter
1329 1219 1508 1322 pundtum
1528 1219 1619 1298 L&

377 1322 538 1432 'singula
551 1325 685 1432 pundla
698 1326 750 1420 A,
778 1323 825 1422 C,
851 1321 902 1423 D,
935 1323 966 1402 B
992 1320 1269 1430 proportionales
1285 1319 1416 1406 fuerint
1429 1361 1443 1421 t
1481 1325 1618 1436 ellipfin

397 1435 587 1544 continget
604 1435 698 1512 resta
716 1431 800 1516 EL.

306 1681 308 1686 ·
396 1654 439 1730 ln
452 1613 662 1750 primocasu,
686 1650 722 1725 Si
736 1647 805 1724 EL
817 1606 886 1723 non
900 1646 1075 1746 contingat
1085 1646 1228 1747 ellipsm,
1244 1651 1418 1750 contingat
1430 1649 1520 1738 EPt
1555 1651 1619 1751 igi·

346 1770 417 1841 tur,
443 1777 503 1850 per
515 1751 774 1849 procedentem,
797 1749 1063 1847 proportionales
1083 1767 1181 1822 erunt
1197 1749 1271 1838 (ΞΡ,
1298 1751 1371 1840 CB,
1397 1751 1478 1839 CD,
1505 1753 1556 1840 de,
1577 1775 1620 1830 ex

348 1851 540 1950 hypothesr‚
566 1847 921 2024 prpportionaleasunt
936 1848 1015 1962 CL,
1041 1848 1116 1936 CB,
1140 1847 1233 1962 'CD'a
1267 1851 1410 1963 mquales
1427 1851 1527 1948 igitur
1545 1850 1621 1926 sunt

348 1952 427 2039 CP,
452 1949 530 2038 CL,
555 1973 602 2051 qu
664 1947 712 2023 est
726 1947 925 2022 absurdum:
951 1965 1053 2045 rgrtur
1067 1966 1235 2044 contrngrt
1248 1949 1377 2047 ellrpfin
1394 1951 1482 2024 reeta
1497 1949 1577 2026 EL.

397 2048 565 2138 Secundo,
589 2048 764 2144 Quoniam
775 2071 818 2121 cx
834 2047 1011 2142 hypothefi
1025 2045 1075 2121 est
1090 2045 1164 2120 AL
1174 2045 1218 2121 ad
1230 2049 1306 2135 BL,
1331 2068 1370 2122 ut
1386 2051 1460 2122 AD
1472 2050 1514 2124 ad
1531 2051 1596 2124 BD
1607 2079 1622 2136 t

348 2147 837 2334 ‘lt-Atratum
847 2143 1186 2335 tralata
1197 2147 1314 2320 AB
1326 2145 1621 2337 atlanti

349 2275 472 2424 131de
483 2350 559 2449 CB,
584 2367 622 2422 ut
633 2348 695 2423 CB
710 2345 753 2421 ad
770 2347 859 2422 CD:
885 2369 968 2442 ergo
979 2343 1049 2418 EL
1058 2345 1225 2444 contingit
1236 2298 1380 2445 ellipfin,
1395 2371 1456 2446 per
1469 2347 1620 2448 primum

348 2449 533 2633 cas'li'ndrtim
597 2544 732 2620 uoniam
753 2541 803 2617 est
826 2542 899 2618 DL
919 2541 963 2617 ad
988 2543 1076 2631 DA,
1101 2560 1140 2616 ut
1155 2543 1223 2619 DB
1238 2541 1280 2618 ad
1298 2543 1378 2644 DC,
1401 2491 1465 2618 erit
1479 2565 1620 2643 compo·-

348 2643 475 2735 nendo,
491 2645 564 2719 LA
635 2645 721 2732 AD,
747 2660 786 2716 ut
801 2643 861 2716 BC
873 2641 926 2716 scu
942 2642 1169 2727 CAadCDa
1204 2643 1349 2742 ergoell
1365 2643 1621 2744 reliquaCLnd
1865 2676 1866 2694 ¹

348 2745 510 2861 reliquam
525 2743 658 2822 ACseu
670 2744 744 2832 CB,
761 2761 799 2818 ut
811 2744 873 2818 CB
888 2741 933 2816 ad
948 2741 1042 2828 CDr
1067 2741 1106 2819 dt
1121 2741 1190 2819 ΕΙ,
1203 2745 1379 2842 continget
1394 2742 1537 2842 ellipsin,
1559 2764 1621 2844 per
1728 2749 1733 2758 '
1865 2737 1866 2752 ¹

350 2845 765 3050 Prgditidffluglroniam
781 2965 823 3018 ex
839 2941 1015 3041 hyporien
1026 2941 1074 3020 est
1091 2942 1163 3019 AL
1182 2941 1225 3017 ad
1237 2943 1317 3032 CL,
1341 2959 1379 3018 ut
1393 2941 1465 3020 DL
1479 2941 1522 3018 ad
1534 2942 1622 3030 BLa

349 3043 414 3118 erit
428 3043 625 3132 dividendo,
652 3044 721 3118 AC
742 3045 795 3117 teu
810 3043 870 3116 CB
885 3043 927 3115 ad
942 3043 1020 3133 CL,
1045 3063 1083 3117 ut
1100 3044 1167 3118 DB
1187 3041 1229 3116 ad
1247 3042 1333 3117 BL:
1371 3041 1536 3142 igiturest
1558 3042 1622 3116 CB

349 3139 393 3218 ad
409 3143 487 3231 CL
512 3162 550 3217 ut
566 3143 691 3242 reliqua
705 3143 774 3220 CD
788 3141 833 3217 ad
848 3141 1011 3242 reliquam
1026 3143 1100 3234 CB,
1126 3145 1164 3221 δε
1179 3140 1389 3222 invertendo.
1440 3141 1539 3242 Ergo
1554 3139 1625 3220 ΕΙ,

347 3242 519 3344 contingit
529 3241 672 3346 elliplin.
1120 3241 1124 3256 '
1614 3247 1617 3254 '

794 3669 1013 3750 PROP.
1078 3669 1189 3751 xlx,

201 3829 337 3934 Figny.
354 3833 390 3920 Si
405 3862 428 3916 a
443 3835 632 3922 verticibus
649 3835 698 3939 A,
718 3835 750 3920 B
771 3835 1032 3921 diametrorum
1063 3837 1335 3948 conjugatarum
1361 3837 1518 3948 ellipseos
1535 3838 1620 3941 CA,

405 3946 485 4046 CB,
511 3946 691 4032 ducantur
712 3949 758 4031 ad
776 3950 916 4038 tertiam
934 3952 1153 4030 diametrum
1182 3947 1269 4050 DE,
1296 3949 1489 4032 ordinatim
1506 3947 1623 4058 appli-

404 4075 493 4140 catae
509 4057 593 4158 AF,
614 4059 686 4141 BG
698 4095 711 4155 t
760 4058 827 4141 etit
852 4059 1070 4170 quadratum
1097 4085 1144 4140 ex
1171 4059 1364 4170 interoepta
1393 4060 1484 4141 inter
1515 4058 1625 4140 altet-

405 4187 528 4250 utram
558 4168 750 4250 ductarum
778 4172 819 4253 dt
841 4189 1022 4269 centrum,
1059 4170 1194 4280 aequale
1222 4169 1430 4279 reclangulo
1454 4186 1624 4251 contento

399 4277 595 4387 *segmentis
624 4278 715 4363 inter
742 4279 917 4392 reliquam
943 4281 1107 4384 dudiam,
1139 4281 1180 4364 de
1209 4280 1354 4364 vertices
1382 4279 1547 4368 diametri
1577 4278 1623 4360 ad

1507 4411 1622 4498 quant
