3736 5330
249 455 250 465 Ν
344 531 393 622 52
505 495 910 586 sectionum
957 497 1376 584 conticitum
1425 500 1590 586 crini·
1640 483 1641 493 ‘

506 870 723 952 PROP.
775 871 917 947 xxvi.
1004 869 1278 994 PROBL.
1330 871 1461 949 tv...

230 1081 231 1086 ε
345 1045 449 1168 ¹3³⁸ssae
477 1035 647 1164 positione
678 1034 834 1145 ellipseoa
868 1037 1102 1136 diametrum,
1130 1054 1311 1136 centrum,
1338 1035 1422 1156 aiter·
1450 1040 1490 1119 bt
1519 1036 1620 1119 socos

426 1175 595 1231 iuvenire.

310 1349 314 1360 '
394 1335 569 1409 Ducantiir
584 1331 662 1406 duae
684 1331 784 1404 κᾶκ
806 1331 985 1426 parallelae,
1004 1329 1111 1428 ellipli
1129 1331 1327 1419 terminate,
1359 1331 1395 1404 dr
1422 1334 1509 1406 κᾶε
1534 1332 1616 1428 ipsas
1702 1357 1704 1360 ·

321 1439 323 1452 '
345 1435 496 1510 bifariam
513 1433 620 1506 secans
635 1433 697 1504 erit
713 1429 884 1518 diameter,
902 1430 999 1526 (Cor.
1013 1455 1049 1520 4.
1070 1456 1084 1503 i
1092 1455 1123 1526 3.
1142 1429 1255 1528 hujus)
1269 1462 1280 1514 ς
1305 1431 1532 1530 punctumque
1547 1433 1623 1504 dia·-

327 1549 329 1554 '
346 1537 493 1609 metrum
510 1531 661 1624 bifariam
677 1531 783 1606 secans
800 1529 862 1604 erit
877 1549 1040 1604 centrum.
1093 1531 1198 1626 Prop.
1217 1555 1248 1626 3.
1267 1529 1373 1626 hujus.

196 1632 267 1729 stig.
278 1659 335 1710 20.
399 1625 460 1707 Ad
477 1631 691 1705 inveniendos
702 1653 789 1716 axes,
816 1630 999 1702 inveniatur
1014 1646 1166 1702 centrum
1182 1626 1225 1716 C,
1252 1630 1289 1702 δι
1303 1629 1338 1700 in
1355 1627 1460 1724 ellipli
1473 1628 1619 1702 sumatur

346 1735 510 1832 punitum
536 1729 679 1828 quodvis
697 1731 745 1814 A,
774 1727 810 1799 dt
838 1728 907 1800 CA
926 1726 1097 1824 jungatur,
1121 1747 1300 1825 centroque
1317 1729 1360 1814 C,
1388 1729 1425 1800 dt
1443 1727 1618 1800 intervallo

347 1821 430 1920 CA',
443 1826 643 1902 ‘describatur
657 1828 795 1900 circulus
808 1827 899 1911 AF;
923 1825 948 1898 si
964 1827 1017 1898 hic
1030 1845 1116 1898 totus
1132 1847 1224 1900 extra
1238 1825 1367 1926 ellipsin
1384 1825 1499 1900 eadere
1516 1851 1621 1923 pona·

348 1927 417 2019 tur,
441 1929 503 2002 erit
515 1928 582 2001 CA
601 1929 744 2000 maxima
762 1925 1091 2014 semidiametrorum,
1118 1925 1313 2020 &proinde
1330 1925 1477 1999 semiaxis
1494 1923 1611 2022 major,

350 2038 402 2128 (7.
417 2025 550 2126 hujus):
589 2027 711 2101 sivero
727 2026 763 2098 D
778 2031 939 2124 punctum
956 2027 1112 2110 sumatur,
1142 2023 1179 2097 dt
1199 2023 1339 2097 circulus
1359 2044 1475 2100 centro
1500 2025 1544 2112 C,
1569 2025 1620 2096 in·

350 2127 584 2224 tervalloCD,
605 2126 796 2224 descriptus,
816 2144 901 2198 totus
919 2125 1004 2198 intra
1019 2114 1147 2220 ellipsin
1163 2119 1278 2196 cadere
1293 2143 1461 2224 ponatur,
1474 2123 1536 2196 erit
1551 2123 1620 2198 CD

332 2225 842 2311 ,minima'semidiametrorii'm
871 2223 907 2298 u
932 2221 1071 2320 proinde
1100 2222 1248 2296 semiaxis
1273 2223 1396 2309 minor,
1416 2217 1467 2320 (7.
1482 2220 1619 2320 hujus):

293 2369 298 2384 ·
349 2327 470 2400 sivero
486 2323 631 2396 sumatur
643 2325 805 2421 puudbrru
821 2325 868 2411 G,
887 2324 925 2396 δε
940 2318 1207 2396 circuluscentro
1219 2319 1263 2418 C,
1278 2321 1453 2396 intervallo
1465 2320 1543 2410 CG,
1560 2321 1618 2393 de-

351 2425 502 2522 scriptus,
520 2447 625 2522 neque
638 2441 725 2496 totus
740 2427 843 2509 extra,
862 2446 967 2520 neque
982 2440 1069 2494 totus
1085 2415 1171 2494 in'tra
1180 2417 1307 2517 ellipsin
1319 2418 1427 2510 cadat,
1451 2423 1541 2495 κᾶε
1553 2420 1620 2494 CG

351 2523 415 2596 erit
440 2538 546 2619 neque
564 2521 711 2594 serbiaxis
727 2519 832 2617 m'ajor
849 2545 908 2592 nec
926 2519 1061 2603 minor;
1098 2519 1199 2615 igitur
1221 2519 1360 2594 circulus
1386 2519 1559 2594 necessario
1574 2519 1621 2592 el-

351 2621 427 2719 lipsi
443 2619 550 2693 rursus
560 2640 732 2694 occurret:
759 2638 908 2692 occurrat
924 2621 956 2691 iu
969 2619 1022 2704 H,
1050 2621 1087 2692 ὅτ
1106 2617 1222 2714 jundla
1238 2616 1314 2691 GH
1332 2615 1482 2694 bisarium
1498 2619 1620 2692 secetur

351 2721 388 2794 in
404 2719 465 2803 K·,
490 2717 679 2816 eritjundta
695 2717 762 2792 CK
777 2719 858 2806 axis,
884 2719 921 2790 ὅτ
943 2717 1220 2814 perpendicularis
1237 2717 1297 2814 ipsi
1313 2719 1378 2791 CK
1396 2743 1455 2813 per
1470 2737 1622 2792 centrum

352 2821 396 2906 C,
421 2819 484 2893 erit
498 2817 566 2890 axis
582 2819 686 2894 altera
725 2841 804 2890 nam
828 2818 986 2914 quoniam
1002 2815 1153 2890 bifariam
1180 2817 1263 2888 ledia
1290 2815 1338 2888 est
1363 2817 1439 2889 GH
1460 2816 1622 2889 diametro

352 2920 432 3008 CK,
458 2919 521 2992 erit
532 2917 609 2991 GH
623 2916 776 3014 parallelo
791 2915 1000 3011 contingenti
1015 2917 1086 2991 AL
1101 2938 1161 3011 per
1179 2915 1338 2998 verticem
1354 2915 1435 3014 ejut,
1465 2919 1501 2990 δε
1517 2919 1621 2988 retius
1642 2977 1645 2986 Δ

327 3017 400 3090 est
416 3016 555 3114 angulus
571 3015 686 3104 CKG‚
713 3017 751 3088 dt
767 3015 868 3110 igitur
884 3015 1009 3097 CAL;
1035 3038 1135 3112 quare
1162 3012 1207 3085 est
1233 3015 1338 3086 CKA
1363 3014 1444 3104 aitis,
1472 3015 1569 3108 (Cor.
1585 3041 1622 3104 4.

359 3114 555 3211 inhujus).
608 3115 827 3188 Inveniunnir
842 3111 952 3187 'autem
969 3111 1035 3206 foci
1052 3115 1139 3188 utin
1159 3113 1262 3210 Prop.
1281 3135 1338 3204 24.
1378 3143 1383 3154 ·

529 3407 747 3486 enon.
808 3410 971 3486 xxvii.
1071 3407 1348 3486 unone.
1397 3409 1444 3484 v.
1518 3493 1522 3504 ¹

219 3553 222 3560 ’
355 3575 458 3658 Datis
475 3563 657 3684 positione,
676 3576 716 3655 dt
733 3574 991 3684 magnitudine,
1014 3573 1151 3654 duabus
1168 3573 1322 3682 ellipseos
1340 3573 1519 3654 diametris
1535 3597 1625 3659 coii-

328 3716 332 3722 ·
404 3686 559 3794 jugatis;
587 3685 744 3792 ejusdem
762 3709 843 3766 axes
861 3687 1031 3786 invenire,
1059 3703 1166 3792 atque
1184 3687 1297 3796 ipsam
1314 3683 1517 3768 describere.

207 3906 346 4004 Figmi.
411 3903 486 3977 Sint
501 3905 578 3992 AB,
597 3905 664 3978 CD
679 3901 831 3980 diametri
847 3901 946 3989 datae,
973 3901 1032 3976 fibi
1049 3919 1166 3976 mutuo
1178 3919 1382 3977 occurrentes
1397 3901 1432 3975 in
1448 3921 1563 3974 centro
1575 3899 1629 3974 E:
1660 3915 1667 3924 ‘

358 4003 396 4076 dc
412 4002 536 4077 fartum
552 4024 654 4099 putav,
678 4003 808 4089 scilicet,
828 4003 890 4075 sint
902 4001 978 4089 FG,
995 4001 1073 4074 HK
1088 4027 1162 4076 axes
1176 4001 1379 4088 inveniendi,
1395 4003 1431 4074 δε
1446 4025 1504 4098 per
1518 4001 1554 4071 A
1566 3999 1628 4070 du·

222 4143 224 4152 v
357 4120 450 4176 catur
462 4103 550 4175 κᾶε
567 4101 639 4173 AL
653 4100 806 4196 parallela
817 4099 878 4196 ipsi
891 4101 970 4188 CD,
995 4101 1160 4198 contingit
1183 4102 1254 4173 haec
1269 4101 1397 4197 ellipsin
1416 4100 1450 4172 iii
1463 4101 1512 4184 A,
1529 4099 1626 4191 (Cor.

360 4227 394 4296 3.
415 4227 469 4292 14.
484 4200 607 4297 hujus),
634 4199 671 4270 ὅτ
688 4199 848 4295 positione
865 4197 1007 4286 dabitur,
1026 4203 1102 4294 (28.
1121 4200 1233 4292 dat.);
1259 4200 1320 4296 ipsi
1332 4217 1443 4271 autem
1455 4216 1629 4270 occurrant

360 4323 434 4371 axes
450 4302 482 4372 in
503 4300 547 4384 L,
573 4299 618 4371 M
635 4299 787 4393 ponetis:
825 4297 926 4392 igitur
951 4298 1181 4392 rectiangulum
1202 4299 1319 4371 LAM
1346 4293 1629 4394 aequalees‘rqua-

361 4395 457 4496 drato
471 4421 513 4472 ex
529 4397 593 4472 CE
608 4395 751 4470 dimidio
776 4395 929 4468 diametri
957 4394 1146 4494 conjugatae
1175 4397 1236 4494 ipsi
1255 4399 1334 4483 AB,
1353 4401 1428 4491 (ai.
1445 4391 1513 4491 huj.
1517 4399 1536 4487 )
1535 4444 1560 4562 d,
1592 4395 1629 4463 dt

1321 4513 1327 4520 ’
1559 4508 1631 4563 arur
