3716 5324
366 405 465 561 age
523 396 938 530 sectionum
983 439 1404 528 c‘onrcnnnnr
1443 407 1611 533 inre.

377 626 457 701 dunt
483 623 544 723 ips1
566 625 641 698 AD
658 623 846 722 parallelae,
873 623 910 695 δε
925 645 985 718 per
1003 620 1040 692 A
1056 620 1195 694 ducatur
1221 621 1383 698 diameter
1400 625 1497 712 Aa·
1508 625 1614 724 fitque
1629 623 1667 700 K

300 793 303 803 .
382 727 525 826 spatium
540 724 791 821 proportionale
811 721 904 822 qnod
923 723 1023 795 reetae
1040 724 1114 796 AD
1130 724 1309 806 convenite
1334 725 1417 796 latus
1438 749 1520 798 vero
1537 732 1667 800 redum

362 825 536 900 diametri
559 831 661 899 reeiae
686 825 746 898 BC
777 823 816 895 stt
839 822 885 909 L,
909 821 1066 894 diametri
1088 845 1170 894 vero
1187 821 1263 895 GH
1290 823 1374 896 latus
1397 827 1526 898 redum
1541 827 1583 899 fit
1598 827 1667 902 M:

378 927 485 1024 igitur
502 924 565 996 erit
587 923 817 1020 reitanguium
834 922 934 994 ΒΑΕ
951 921 1079 1020 aequale
1095 921 1291 1018 rectangulo
1307 924 1373 996 AF
1390 924 1424 996 in
1442 925 1499 1008 L;
1523 926 1667 1021 quadra-

379 1044 457 1100 tum
474 1045 558 1098 veto
573 1047 614 1098 ex
631 1023 715 1111 AG,
739 1021 837 1095 fimul
853 1045 932 1095 cum
955 1022 1061 1116 spatio
1076 1022 1124 1109 K,
1149 1021 1277 1118 aequale
1298 1023 1361 1094 erit
1392 1026 1585 1120 redangulo
1599 1027 1668 1098 AF

366 1125 417 1199 ‘in
429 1127 487 1213 M,
507 1132 584 1218 (21.
599 1124 686 1218 huj.)
702 1153 713 1207 ς
751 1145 835 1220 ergo
849 1120 897 1193 est
910 1121 1141 1219 restangulum
1155 1123 1253 1194 BAC
1265 1121 1309 1194 ad
1323 1123 1523 1220 quadratum
1540 1147 1581 1196 ex
1592 1125 1666 1197 AG

371 1224 481 1298 'timul
498 1247 577 1298 cum
593 1224 698 1322 spatio
711 1223 759 1309 K,
786 1239 823 1294 ot
837 1221 905 1295 AF
919 1222 954 1292 in
973 1221 1064 1294 Led
1077 1221 1147 1295 AF
1164 1221 1196 1292 in
1207 1221 1271 1308 M,
1298 1220 1434 1309 hocest,
1454 1242 1490 1295 ut
1502 1223 1535 1296 L
1548 1223 1591 1296 ad
1605 1225 1663 1298 M.

378 1323 434 1402 Et
450 1323 599 1396 similiter
621 1321 903 1396 demonstrabitur
921 1321 1113 1416 Proposrtio
1130 1321 1162 1392 in
1182 1320 1315 1418 reliquie
1334 1321 1481 1397 casibus:
1522 1323 1560 1396 δι
1588 1346 1666 1419 quae

383 1423 427 1497 de
442 1423 550 1520 ellipsr
568 1423 606 1496 δε
622 1421 807 1520 hyperbole
822 1422 857 1495 in
868 1439 889 1492 t
896 1447 930 1516 5.
950 1419 1021 1518 huj.
1039 1419 1166 1494 ostensa
1182 1415 1327 1508 fuerunt,
1354 1420 1408 1496 hic
1424 1423 1525 1496 etiam
1549 1421 1665 1495 simili-

365 1541 435 1602 ·tet
448 1522 678 1600 ostendentur.

735 1791 1025 1904 'enon
1107 1827 1252 1906 xmo

178 2079 184 2092 ·
224 2085 228 2096 ,
367 1997 423 2080 ‘Si
438 2024 459 2078 ³
476 1951 624 2105 Ρΰῃὲῗθ,
648 1995 687 2076 Ῑῦ
717 1999 811 2092 reita
829 1993 1035 2105 parabolam
1051 1994 1293 2102 contingente,
1322 1985 1481 2076 ducatur
1495 1999 1590 2076 reda
1607 1997 1666 2079 alii

439 2108 660 2216 contingenti
686 2107 865 2215 parallelo,
906 2104 1107 2186 abeodem
1136 2132 1220 2184 vero
1249 2109 1387 2212 pundo
1411 2107 1563 2186 ducatur
1597 2109 1665 2188 alia

365 2317 370 2324 .
442 2223 536 2300 reda
567 2210 766 2325 utcdnque,
795 2216 1003 2300 dummodo
1020 2242 1091 2296 non
1119 2214 1225 2297 fuerit
1242 2217 1414 2296 diameter
1429 2255 1441 2312 3
1481 2236 1590 2325 prout
1613 2217 1668 2298 se-

439 2327 649 2409 cundahaec
668 2333 761 2406 reeta
779 2327 973 2408 sedionem
991 2327 1094 2426 secat,
1123 2325 1180 2407 vel
1191 2327 1387 2434 eontingit,
1416 2328 1472 2406 vel
1501 2329 1563 2435 ipo
1589 2355 1666 2407 non

440 2440 622 2534 occurrit;
649 2440 715 2516 erit
740 2436 995 2543 redangulum
1020 2453 1232 2516 contentum
1261 2434 1450 2542 segmentis
1474 2437 1547 2545 ejus
1574 2437 1667 2519 intet

368 2537 374 2560 ¹
428 2545 623 2658 'pendium
654 2575 674 2628 a
697 2573 773 2655 quo
796 2549 904 2627 duda
927 2546 978 2625 est
1006 2549 1112 2645 tedia,
1141 2546 1333 2654 &ponda
1361 2548 1491 2654 quibus
1523 2547 1668 2629 sedioni

294 2679 298 2690 '
440 2658 620 2740 occurrit:
672 2657 742 2758 vel,
771 2657 798 2737 fi
825 2657 1021 2765 contingat,
1048 2657 1115 2736 erit
1148 2658 1369 2765 quadratum
1400 2683 1445 2737 ex
1481 2659 1667 2766 segmento

441 2768 679 2878 contingentis
697 2771 788 2870 inter
806 2772 987 2878 punctum
1005 2770 1297 2850 &comedumt
1340 2767 1409 2865 vel,
1437 2767 1464 2846 fi
1499 2794 1572 2848 non
1601 2796 1666 2849 oc-

441 2900 573 2979 currat,
600 2880 667 2960 etit
692 2881 909 2987 quadratum
936 2907 981 2958 ex
1000 2880 1183 2984 segmento
1201 2877 1286 2980 ejus,
1316 2878 1405 2957 inter
1436 2884 1616 2986 punctum
1645 2908 1668 2960 a
1723 2947 1734 2962 .

441 2990 642 3096 quodudta
671 2989 721 3066 est
750 2993 856 3088 tedia,
885 2991 925 3068 δι
943 2992 1120 3094 punitum
1139 3014 1215 3095 quo
1235 2988 1298 3096 ipsa
1322 2991 1476 3066 occurrit
1493 2991 1668 3068 diameter

441 3099 502 3177 cui
519 3099 711 3178 ordinatim
724 3099 909 3206 'applicatae
923 3099 1004 3178 sunt
1022 3095 1108 3176 huic
1123 3103 1225 3176 tediae
1240 3096 1422 3204 parallelae,
1441 3098 1548 3178 fimui
1575 3127 1667 3178 cum

443 3209 553 3316 spatio
577 3207 831 3316 proportionali
848 3209 947 3315 quod
965 3209 1082 3288 eidem
1102 3210 1282 3307 convenit,
1312 3197 1355 3286 ad
1373 3209 1591 3316 quadratum
1622 3237 1670 3290 ex

444 3319 629 3424 segmento
644 3321 747 3397 rediae
761 3318 899 3425 primae,
915 3319 1005 3398 inter
1017 3319 1226 3425 praedidt'um
1241 3323 1421 3426 pundnrn
1437 3347 1456 3398 a
1470 3345 1546 3426 quo
1560 3323 1669 3399 duda

365 3513 368 3522 ,
444 3429 507 3528 est,
533 3431 582 3510 'dc
606 3432 740 3507 rectam
758 3455 840 3536 qoae
862 3429 924 3534 pet¹
941 3433 1125 3510 contaetus
1141 3429 1429 3536 contingentium
1449 3430 1596 3525 tranfit;
1626 3449 1669 3509 ut

433 3539 536 3620 ¹latos
555 3541 695 3618 retium
706 3541 872 3620 diametri
886 3539 1048 3618 secundae
1061 3544 1164 3618 reda
1177 3539 1220 3620 ad
1237 3539 1327 3620 latus
1343 3543 1481 3620 redum
1500 3540 1668 3646 diametri

369 3655 374 3663 ’
444 3650 571 3762 primae
589 3653 701 3732 reeta.

434 3859 701 3933 Demonstratur
727 3882 768 3932 ex
786 3883 842 3934 aa.
863 3860 900 3934 δι
919 3883 975 3935 20.
991 3811 1051 3932 ¹vel
1082 3883 1136 3957 19.
1166 3861 1221 3934 vel
1240 3885 1296 3936 21.
1315 3859 1384 3958 huj.
1415 3859 1474 3934 lib.
1489 3885 1523 3952 4.
1547 3859 1669 3934 eodem

373 3955 499 4033 ‘niodo
512 3956 581 4060 qud
598 3958 798 4058 praecedens.

281 4253 285 4262 ¹
433 4158 537 4234 Con.
564 4157 614 4232 Et
626 4183 667 4232 ex
683 4159 745 4233 hac
760 4181 819 4251 24.
848 4161 885 4234 δε
900 4185 940 4234 ex
957 4161 1025 4257 ipsa
1043 4153 1081 4232 ’δε
1098 4183 1115 4231 2
1123 4133 1153 4254 3}
1167 4159 1325 4258 junctim,
1353 4158 1470 4234 fimilia
1488 4160 1670 4260 sequuntur

377 4255 433 4332 ¹iis
448 4282 525 4358 qoae
540 4258 574 4335 in
589 4259 695 4360 ‘Ptop
711 4285 767 4358 15.
786 4259 911 4336 ostensa
927 4259 1064 4336 foemnt'
1074 4285 1115 4335 ex
1133 4287 1187 4352 14.

1477 4425 1671 4502 PROP.
