3664 5332
456 444 570 528 <De
635 377 1156 526 Hur'auirota'.
1428 468 1481 556 99

453 729 490 808 21³
514 729 551 803 R-
574 727 688 805 01³...
748 727 831 804 LII.
949 715 986 800 ¹P
1010 727 1046 800 R
1071 724 1106 800 Ο
1132 727 1161 802 Β
1185 725 1241 806 1..

214 893 430 1006 Hyperbolae
459 863 630 1004 positione
664 897 753 974 data
788 895 857 975 AF
884 891 1117 994 diametrum,
1158 909 1338 996 centrum,
1381 917 1485 996 axes,

265 1006 482 1114 asymptoter
496 1005 541 1086 ’ὅσ
558 1005 653 1088 fucor
680 1007 848 1087 invenire.
1192 1021 1207 1062 ·.

260 1215 434 1288 Ducantur
449 1211 525 1286 duat
535 1211 633 1288 retra
645 1210 811 1310 parallelae
826 1207 1007 1310 hyperboli
1025 1207 1223 1298 terminata,
1246 1209 1284 1286 ὅτ
1296 1207 1384 1285 reeta
1395 1207 1494 1306 ipsas.

212 1310 363 1386 bifariam
376 1312 482 1384 secans
493 1312 555 1384 erit
564 1311 735 1399 diameter,
762 1312 858 1407 (Cur.
876 1337 909 1405 3.
926 1337 981 1406 31.
996 1307 1109 1402 huju:
1135 1307 1253 1382 eodem
1268 1309 1371 1386 modo
1383 1309 1476 1382 inv'e·

174 1456 177 1462 -
213 1413 322 1486 niatur
335 1411 398 1486 alia
412 1409 596 1494 diameteta
633 1413 858 1508 pundumque
874 1434 943 1510 quo
960 1410 1019 1482 nbi
1038 1407 1186 1488 ‚invicem
1200 1409 1390 1497 occurrunt,
1413 1409 1490 1502 erit..

212 1528 379 1597 centrum,
407 1507 583 1603 (Desa).
1567 1557 1571 1570 ι

262 1609 296 1682 Si
307 1627 417 1681 autem
428 1607 623 1706 hyperbolae
634 1607 797 1706 opposttae
812 1605 975 1706 positione
985 1605 1074 1680 datae
1091 1603 1224 1695 facerint,
1247 1607 1412 1703 pundum
1424 1603 1475 1680 bi·

212 1704 331 1804 fariam
348 1706 455 1781 secans
468 1709 667 1780 diametrum
685 1709 797 1804 primo
812 1709 983 1780 inventam
993 1715 1056 1778 erit
1069 1725 1233 1782 centrum.
1310 1733 1314 1742 ·
1469 1755 1471 1766 »

260 1807 417 1880 Sumatur
432 1807 465 1878 in
483 1807 663 1903 hyperbula
680 1806 992 1904 punctumquodvis
1004 1805 1045 1892 F,
1075 1805 1113 1878 dr
1129 1823 1276 1879 acentro
1290 1805 1320 1878 C
1337 1804 1474 1880 ducatur
1486 1813 1650 1912 sigan„

212 1905 274 1979 CF
282 1935 294 1988 ·,
331 1904 530 1978 describatur
547 1930 628 1978 vero
645 1927 760 1979 centro
774 1905 818 1992 C,
847 1906 885 1976 dr
899 1904 1072 1978 intervallo
1088 1905 1161 1991 CF,
1185 1903 1335 1992 circulus,
1363 1904 1421 2000 qui
1450 1906 1474 1979 st

212 2004 363 2100 nuspiam
376 2004 569 2100 hyperbolae
583 2028 751 2077 occurrere
764 2023 910 2107 ponatur
926 2023 1046 2101 praeter
1059 2004 1091 2074 in
1114 2005 1240 2100 puncto
1255 2005 1285 2076 F
1295 2033 1307 2086 ·,
1341 2003 1476 2081 eritCF
1602 2037 1607 2046 ·

211 2103 350 2176 minima
366 2103 603 2175 diametrorum
626 2103 892 2189 transversatum,
926 2106 963 2176 δε
980 2101 1080 2197 igitur
1096 2102 1164 2173 axis
1180 2100 1388 2176 transversus.
1438 2102 1474 2174 Si

209 2226 291 2275 vero
304 2201 444 2275 circulus
459 2202 652 2298 hyperbolae
679 2200 783 2274 rursus
798 2220 947 2274 occurrat
967 2201 1001 2272 in
1018 2199 1084 2272 alio
1100 2199 1226 2296 pundo
1243 2199 1288 2286 t,
1317 2197 1473 2296 iungatur

210 2301 284 2389 FL,
314 2303 351 2374 dr
373 2300 406 2372 in
423 2301 549 2396 punsto
564 2299 598 2372 G
617 2299 913 2388 bifariam'secetur,
932 2297 1113 2396 junctaque
1126 2295 1191 2372 CG
1208 2300 1402 2396 hyperbolae
1417 2315 1474 2372 dc·

209 2418 318 2473 currat
333 2401 367 2472 in
382 2402 442 2482 A;
478 2400 540 2473 erit
552 2399 620 2472 CA
634 2399 779 2473 semiartis
795 2397 1001 2474 transversus.
1051 2398 1144 2472 Nam
1160 2398 1319 2496 quoniam
1331 2398 1474 2498 aequalet

210 2499 283 2571 sunt
299 2498 377 2585 FG,
399 2497 480 2586 GL,
509 2500 570 2570 erit
583 2496 647 2574 FL
658 2497 837 2572 ordinatim
854 2499 1018 2596 applicata
1031 2496 1194 2572 dumetro
1209 2496 1287 2586 CG,
1319 2499 1476 2596 &igitur

209 2601 309 2683 resta,
332 2622 412 2694 quae
431 2621 491 2694 per
517 2598 674 2672 verticem
697 2601 734 2670 A
751 2597 812 2694 ipst
832 2597 896 2672 FL
912 2597 1067 2695 parallela
1088 2597 1231 2700 ducitur,
1255 2598 1475 2693 hyperbolum

209 2698 394 2792 continget,
420 2701 496 2792 (32
512 2695 624 2792 huj.);
651 2699 688 2768 δε
701 2697 806 2770 renus
820 2697 868 2770 est
879 2697 1018 2792 angulus
1028 2719 1130 2793 quern
1141 2719 1218 2767 cum
1230 2694 1394 2770 diametro
1405 2698 1474 2770 CA
1577 2735 1580 2743 .

210 2793 477 2892 comprehendit,
497 2796 659 2892 qnoniam
677 2792 750 2868 seiz.
770 2799 875 2889 redut
886 2795 933 2868 est
947 2793 1087 2892 angulus
1100 2795 1128 2868 F
1130 2792 1201 2866 GA
1216 2821 1226 2866 ε
1252 2817 1335 2892 ergo
1346 2794 1394 2868 est
1405 2795 1474 2868 CA

209 2895 277 2966 axis
294 2894 503 2981 transversus,
530 2909 589 2990 ptr
606 2893 847 2990 praecedentem
865 2893 1143 2990 propositionem.
1469 2917 1472 2922 ·

258 2995 361 3080 Dein,
386 2993 427 3064 ad
445 2989 681 3066 inveniendum
707 3017 804 3066 axem
830 2993 1020 3080 secundum,
1045 2990 1184 3065 ducatur
1200 3015 1258 3089 per
1273 2995 1474 3067 centrumC

206 3095 293 3168 recta
307 3091 350 3164 ad
365 3095 468 3166 rectos
484 3091 623 3188 anguina
638 3093 700 3188 ipfi
713 3091 791 3180 AC,
818 3093 855 3165 δι
870 3092 903 3164 in
919 3117 957 3166 ea
973 3090 1117 3165 sumatur
1132 3089 1212 3180 CD,
1234 3091 1276 3164 ad
1287 3091 1378 3190 cujus
1394 3115 1475 3192 qua-

207 3190 353 3279 dratum,
367 3239 370 3252 .
385 3191 581 3290 quadratum
593 3215 635 3264 ex
647 3193 717 3265 CA
734 3188 874 3264 eandem
896 3191 996 3264 habet
1012 3192 1172 3264 rationem
1191 3215 1292 3290 quam
1310 3192 1408 3265 habet
1423 3217 1474 3266 re·
1757 3212 1765 3238 ·

206 3289 402 3388 &anguium
416 3289 528 3376 BGA,
555 3287 654 3384 (sada
670 3289 742 3363 seiz.
760 3290 820 3361 CB
831 3290 949 3388 aequaii
968 3289 1028 3385 ipsi
1042 3291 1141 3384 CA),
1167 3289 1209 3361 ad
1219 3288 1417 3386 quadratum
1431 3315 1474 3364 ex
1629 3329 1632 3337 .
1666 3343 1670 3351 ·

208 3387 273 3462 GF
286 3410 298 3471 a
323 3389 386 3462 erit
398 3390 468 3463 CD
485 3388 630 3462 semiaxir
644 3387 812 3474 secundus,
838 3407 875 3459 ut
892 3406 983 3483 patet
997 3409 1038 3459 cx
1055 3389 1158 3486 Prop.
1172 3411 1204 3485 7.
1223 3388 1293 3484 huj.

187 3489 191 3496 '
257 3489 410 3586 Denique
425 3486 566 3560 inventis
579 3487 706 3574 axibus,
731 3486 909 3582 asymptoti
927 3487 1141 3560 inueniuntur
1156 3511 1196 3559 ex
1210 3485 1326 3561 Desin.
1343 3509 1396 3560 ιο.

257 3587 293 3658 Si
316 3607 427 3660 autem
443 3586 814 3684 hyperbolae.opposrtae
830 3585 991 3682 pofitione
1008 3584 1141 3673 dentur,
1170 3586 1348 3682 asymptoti
1364 3585 1408 3656 fic
1423 3584 1473 3658 sa-

207 3683 300 3758 cilius
322 3687 539 3760 inveniantur.
594 3685 657 3758 Per
679 3704 830 3758 centrum
848 3685 879 3757 C
894 3683 1033 3756 ducatur
1051 3685 1178 3783 quaevis
1197 3685 1356 3757 diameter
1373 3683 1475 3756 trans·

209 3784 301 3856 versa
317 3785 395 3870 AB,
422 3786 459 3858 dc
474 3786 550 3857 huic
564 3785 701 3858 dueatur
716 3783 881 3880 parallela,
908 3783 1097 3880 hyperbolis
1114 3786 1287 3857 terminata
1301 3783 1333 3854 in
1348 3781 1395 3872 Ο,
1420 3783 1449 3856 Ρ
1458 3814 1472 3868 t

129 3921 136 3934 ·
210 3883 305 3956 &ad
324 3887 444 3964 tedam
461 3882 527 3958 ΟΡ
542 3883 726 3978 applicetur
748 3884 904 3980 utrinque
926 3883 1154 3980 redangulum
1173 3881 1299 3981 aequase
1311 3881 1474 3978 quadrato

146 4019 157 4034 κ
208 4005 248 4054 ex
265 3983 334 4054 CA
357 3982 512 4056 deficiens
533 3981 716 4079 quadrator
754 3981 845 4079 quod
869 3981 939 4054 fieri
956 3981 1075 4077 potest,
1099 3983 1257 4078 quoniam
1276 3981 1344 4052 CA
1363 3973 1502 4054 minor'

206 4079 255 4152 est
282 4078 425 4153 dimidio
454 4080 551 4178 ipsius
574 4081 653 4166 ΟΡ,
682 4081 780 4174 (Cor.
804 4105 837 4172 4.
860 4103 915 4174 ¹5·
931 4078 1031 4176 huj.),
1057 4079 1184 4178 stntque
1199 4083 1260 4182 Q,
1279 4080 1471 4176 R'applica-

209 4179 453 4276 donispunda,
478 4177 708 4274 eruntjundtae
720 4179 810 4280 CQ
836 4179 903 4251 CR
914 4175 1103 4276 asymptoti,
1121 4179 1217 4276 (Cor.
1229 4206 1264 4276 5.
1282 4204 1295 4252 t
1303 4207 1335 4276 5.
1348 4175 1471 4276 hujus).
1584 4191 1592 4200 ·

209 4277 429 4353 Inueniuntur
444 4297 555 4353 autem
572 4277 638 4353 soci
652 4297 691 4352 ut
708 4277 741 4350 in
759 4277 991 4450 §roposttione
1007 4299 1063 4374 ῃ.
1278 4377 1308 4451 P
1325 4377 1360 4452 R
1376 4374 1412 4449 Ο
1430 4375 1459 4450 P

824 4399 844 4448 a
1460 4432 1469 4453 .
