3736 5330
371 549 418 606 ro
536 517 941 602 SECTIONUM
985 517 1405 604 CONICARUM
1449 522 1589 611 Libr.

416 692 510 764 Con.
532 711 565 764 2.
592 690 722 766 Omnes
740 691 840 790 igitur
855 691 1038 766 ordinatim
1053 691 1218 768 diametro
1232 695 1337 772 cuivis
1350 696 1539 796 applicatae,
1566 697 1645 774 sunt

367 793 451 864 inter
469 791 498 864 se
516 791 696 888 parallelae.

417 891 513 964 Con.
531 915 563 984 3.
592 889 639 962 Et
669 890 693 962 sr
718 888 795 960 duae
816 890 871 964 vel
889 889 1001 986 plures
1024 891 1123 966 resiae
1149 891 1327 1004 parallelae,
1355 893 1512 990 parabold
1529 892 1645 967 termi-

370 1009 501 1074 nentur,
535 989 695 1061 diameter
710 1011 788 1085 quae
798 1011 900 1061 unam
915 1013 956 1061 ex
972 990 1048 1086 ipsis
1064 989 1215 1065 bilariam
1232 991 1327 1078 secat,
1358 990 1509 1066 bifariam
1523 991 1649 1066 secabit

372 1087 408 1158 dc
437 1087 602 1184 reliquas·,
629 1111 706 1158 nam
726 1110 803 1182 quae
818 1085 970 1159 bifariam
988 1089 1072 1161 rem
1088 1089 1147 1176 est,
1176 1091 1331 1186 parallela
1353 1091 1415 1164 erit
1431 1090 1644 1187 contingenti

369 1210 429 1283 per
452 1185 609 1258 verticem
625 1185 792 1272 diametri,
817 1209 899 1282 ergo
929 1187 965 1258 dr
983 1187 1120 1284 reliquae
1135 1187 1245 1264 eidem
1270 1188 1436 1286 parallelae
1457 1207 1568 1275 erunt,
1608 1189 1646 1260 dr

369 1304 546 1382 propterea
557 1283 721 1358 diametro
738 1279 891 1356 bifariam
908 1285 1111 1360 secabuntur.

418 1384 515 1456 Coa.
530 1407 567 1473 4.
593 1381 642 1455 Er
668 1403 796 1469 contra,
826 1385 914 1456 resta
941 1407 1019 1480 quae
1042 1384 1122 1458 duas
1150 1384 1319 1482 parallelas
1344 1385 1460 1472 restas,
1489 1383 1645 1481 pambon

370 1484 572 1568 terminares,
595 1477 747 1554 bifariam
764 1483 859 1569 secar,
877 1481 925 1554 est
939 1481 1122 1566 diametera
1149 1507 1226 1557 nam
1243 1483 1268 1558 sr
1285 1506 1366 1570 non,
1391 1483 1551 1557 diameter
1568 1505 1646 1579 quae

368 1605 471 1654 unam
488 1605 529 1652 ex
546 1579 706 1674 parallelis
724 1579 874 1656 bifariam
891 1581 986 1667 secat,
1011 1581 1161 1656 bilariam
1178 1577 1296 1655 secabit
1312 1583 1463 1669 alteram,
1489 1581 1528 1653 dc
1555 1599 1644 1654 utra-

370 1703 434 1777 que
457 1679 605 1750 bisariam
628 1679 712 1752 ledia
735 1680 784 1751 est
810 1678 873 1771 alia
898 1680 996 1754 reeta.
1048 1679 1153 1781 Qod
1178 1679 1227 1754 est
1250 1680 1438 1755 absurdum.
1501 1678 1549 1752 Et
1578 1680 1602 1752 fi
1626 1702 1646 1752 a

370 1777 498 1874 pundo
524 1776 693 1850 conracius
717 1777 855 1850 ducatur
877 1781 965 1852 recia
979 1775 1130 1855 bifariam
1157 1778 1264 1854 secans
1289 1783 1412 1852 restam
1434 1778 1644 1874 contingenti

228 1935 232 1945 .
370 1875 562 1972 parallelam
573 1875 774 1971 &parabold
791 1878 1014 1964 terminatam,
1029 1880 1092 1952 erit
1104 1901 1142 1952 ea
1156 1878 1338 1952 diameter:
1366 1899 1443 1950 nam
1461 1875 1486 1948 fi
1503 1900 1571 1948 non
1588 1876 1644 1966 srt,

370 1973 509 2048 ducamr
535 1972 695 2047 diameter
724 1997 782 2072 per
808 1975 973 2070 punsium
997 1979 1180 2063 conteditis,
1208 1975 1326 2052 secabit
1352 1976 1425 2049 haec
1452 1973 1644 2072 parallelam

371 2073 584 2172 contingenti
602 2071 765 2148 bifariam.
815 2075 920 2175 Qud
936 2073 984 2148 est
999 2073 1187 2151 absurdum.

421 2172 517 2246 Con.
536 2199 569 2268 5.
597 2169 646 2246 Et
663 2173 760 2259 resta,
785 2195 863 2270 quae
887 2197 949 2270 per
962 2175 1121 2248 verticem
1138 2173 1291 2248 diametri
1312 2173 1466 2272 parallela
1481 2173 1580 2246 dud'ta
1594 2171 1643 2246 est

371 2271 551 2346 ordinatim
562 2270 726 2346 diametro
735 2271 919 2368 applicatis,
938 2273 1129 2370 parabolam
1140 2273 1319 2370 contingit.
1352 2275 1448 2346 Patet
1462 2295 1503 2347 ex
1515 2271 1595 2348 Cor.
1610 2297 1642 2346 r.

826 2619 978 2696 PRO
1005 2621 1045 2706 P,
1098 2621 1197 2696 XIL

319 2867 323 2877 ,
371 2784 407 2866 si
429 2787 603 2894 apund'lo
619 2785 803 2896 parabolae,
832 2785 985 2868 ducatur
1013 2783 1309 2898 perpendicularis
1339 2784 1383 2866 ad
1407 2784 1641 2886 diametrum,
1699 2867 1710 2885 ,

424 2895 616 3003 eidemque
632 2895 825 2976 ordinatim
843 2897 1041 3007 applicara;
1065 2898 1132 2978 erit
1155 2893 1374 3084 quadratum
1392 2921 1438 2975 err
1454 2895 1642 3005 perpendi-

423 3005 535 3084 culari
552 3004 685 3114 aequale
702 3005 909 3114 reclangulo
925 3026 1094 3088 contento
1116 3006 1163 3087 ab
1176 3003 1274 3103 cesse,
1307 3003 1359 3114 (id
1382 3003 1434 3084 est
1458 3005 1655 3112 segmento·

422 3113 587 3196 diametri
611 3117 703 3194 inter
722 3115 915 3196 ordinatim
934 3109 1148 3226 applicatam
1168 3111 1343 3224 ipsiusque
1369 3113 1554 3214 verticem,
1582 3114 1641 3220 inf

423 3225 613 3334 tercepto),
645 3227 686 3306 oe
702 3225 778 3309 axis
791 3224 900 3307 latere
917 3229 1025 3330 resia,
1052 3225 1111 3306 seu
1128 3241 1342 3336 parametro.

260 3519 267 3536 ι
422 3431 495 3544 Cast
512 3457 540 3505 r.
568 3431 717 3535 Qrando
732 3431 892 3507 diameter
907 3432 955 3508 est
970 3433 1048 3546 axia:
1142 3531 1150 3546 υ

220 3520 300 3629 ³³³·
319 3547 342 3632 ⁵
346 3583 354 3604 ·
368 3531 732 3741 ιέὲὶἕίἳὲῗέῗβὲῑῑ
741 3529 1529 3741 bld1e2r03ltll2lrtln‘lllitrla
1535 3529 1642 3702 tri

368 3745 476 3800 natrm
490 3728 708 3824 applicabitur
725 3735 798 3824 (rr.
818 3729 956 3825 huJus)·,
984 3731 1022 3802 dr
1044 3727 1182 3804 ducatur
1206 3729 1275 3804 DC
1298 3729 1340 3804 ad
1358 3728 1482 3817 mcum,
1509 3727 1640 3802 &DA

368 3825 527 3898 normalis
540 3826 704 3900 direstrici
718 3828 796 3915 AB,
826 3828 928 3925 fitque
944 3829 973 3902 F
990 3848 1106 3902 vertex
1121 3829 1212 3912 atrise
1251 3829 1411 3926 quoniam
1440 3827 1541 3924 igitur
1568 3825 1640 3898 ΗΒ

366 3924 502 4021 aequalis
522 3925 570 4018 est
588 3927 676 4013 DA,
701 3925 765 4000 lroc
781 3925 828 4000 est
845 3927 926 4014 DC,
952 3927 1015 4001 erit
1035 3925 1233 4026 quadratum
1248 3950 1289 3999 ex
1302 3927 1384 4014 ΗΒ,
1410 3928 1535 4024 aequale
1580 3947 1639 3996 ua·

367 4021 465 4095 drato
486 4047 527 4096 ex
540 4024 620 4112 DC,
645 4024 709 4098 hoc
730 4024 778 4098 est
794 4024 960 4122 quadratis
978 4049 1019 4100 ex
1036 4025 1126 4114 DH,
1148 4025 1246 4108 HC;
1288 4025 1377 4097 idem
1401 4049 1482 4100 vero
1496 3947 1637 4120 quadra-

367 4139 442 4195 rum
458 4146 500 4194 ex
515 4122 588 4200 ΗΒ
604 4129 757 4220 (propter
771 4125 841 4210 BF,
866 4125 927 4198 FC
942 4125 1099 4222 aequales)
1122 4123 1248 4222 aequale¹
1263 4121 1310 4196 eft
1326 4123 1520 4220 resbengulo
1535 4119 1637 4194 HFC

368 4239 494 4317 quater,
521 4244 586 4295 una
599 4245 678 4294 cum
693 4221 853 4321 quadrato
877 4246 919 4296 ex
934 4223 1007 4296 HC
1025 4227 1076 4316 (8.
1092 4225 1170 4315 a.);
1196 4244 1296 4320 quare
1315 4221 1472 4320 quadrata
1480 4242 1530 4294 ex
1545 4219 1653 4306 BH,-

368 4317 441 4393 HC
456 4319 554 4396 simul
575 4320 713 4418 aequalia
730 4321 805 4398 sunt
821 4319 1130 4421 redanguloHFB
1145 4340 1273 4421 quater,
1298 4344 1364 4397 una
1382 4343 1460 4395 cum
1475 4319 1638 4488 quadrag
