3752 5320
389 527 462 616 168
530 526 939 612 S-ECTIONUM
983 524 1407 612 CONICARUM
1450 527 1590 616 Lib.v.'

435 707 530 782 Con.
546 731 582 796 4.
610 705 660 780 Et
675 705 699 778 si
715 704 833 779 datum
849 705 949 780 fuerit
962 705 1098 780 tertium
1115 705 1280 803 punitum
1306 704 1340 778 in
1358 705 1512 795 senione,
1547 705 1662 780 simili·

384 824 434 880 ter
450 804 642 880 ostendetur
651 807 768 879 datum
784 805 849 878 esse
864 806 953 878 aliud
974 806 1141 902 punitum
1158 807 1192 878 in
1210 810 1297 882 reeta
1316 805 1378 880 BC
1401 829 1479 905 quae
1499 829 1561 903 per
1580 830 1663 880 con·

385 907 489 978 tacius
507 905 647 988 transm
678 905 812 980 dabitur
829 903 971 1004 proinde
986 906 1047 979 BC
1064 903 1240 1003 positione,
1270 929 1372 1005 quare
1389 908 1566 1004 &pundia
1581 929 1664 978 con·

277 1011 278 1018 ’
387 1007 492 1078 taetus
508 1005 550 1092 Β,
575 1004 696 1077 Cdata
711 1024 821 1080 erunt.

436 1105 530 1178 Con.
545 1128 578 1199 5.
597 1105 703 1177 ¹Datis
720 1103 753 1175 in
772 1103 914 1177 sectione
928 1105 1046 1178 conica
1059 1122 1203 1205 quatuor
1218 1103 1363 1202 punitis,
1399 1101 1438 1177 dt
1453 1103 1542 1178 reeta
1554 1104 1662 1202 ipsam

384 1205 584 1298 contingens
600 1203 765 1300 pontione
778 1203 868 1290 data,
896 1207 1060 1300 punctum
1077 1205 1248 1280 contaetus
1264 1204 1408 1279 dabitur.

230 1299 301 1396 Fig.
309 1317 365 1394 32.
434 1303 510 1376 Sint
528 1303 577 1390 A,
606 1303 648 1390 B,
678 1302 722 1390 C,
752 1303 789 1376 D
806 1305 930 1400 pundta
945 1303 1023 1376 data
1038 1305 1073 1377 in
1090 1303 1244 1390 sedtione,
1272 1301 1363 1376 &stt
1376 1301 1465 1376 resta
1481 1301 1545 1376 EF
1557 1301 1664 1401 ipsam

383 1402 583 1498 contingens
600 1403 766 1499 pofitione
791 1403 892 1485 datan
919 1401 1107 1500 jungantur
1123 1405 1203 1491 AB,
1231 1403 1313 1490 CD,
1338 1402 1419 1489 AC,
1442 1402 1522 1489 BD,
1547 1425 1664 1476 occur·

228 1527 232 1536 ·
383 1523 525 1601 eantque
542 1505 641 1578 reetae
654 1500 719 1575 EF
735 1501 768 1574 in
787 1501 832 1589 E,
861 1503 902 1589 F,
933 1502 981 1590 G,
1010 1504 1075 1588 H;
1111 1503 1150 1576 dt
1174 1503 1272 1576 sitM
1289 1503 1454 1600 punitum
1477 1503 1662 1582 contuitus.

426 1601 561 1676 uoniam
579 1605 703 1700 pundta
716 1603 766 1689 A,
789 1603 831 1688 B,
856 1602 901 1692 C,
928 1603 965 1676 D
981 1602 1058 1676 data
1070 1602 1157 1691 sunt,
1186 1602 1287 1676 rettae
1298 1602 1378 1690 AB,
1392 1601 1474 1689 CD,
1494 1602 1578 1688 AC,
1596 1602 1664 1676 BD

279 1746 282 1755 ι
382 1703 427 1774 da
474 1719 552 1774 ntur
583 1700 761 1797 pontione,
805 1701 880 1793 (26.
905 1701 1020 1795 Dan),
1062 1702 1203 1800 ideoque
1234 1700 1360 1798 punita
1387 1699 1432 1788 E,'
1462 1701 1504 1786 F,
1532 1699 1579 1788 G,
1606 1699 1662 1787 H,

385 1808 463 1894 (²5·
479 1800 580 1892 Dat.)
593 1799 610 1883 ς’
645 1800 683 1871 δι
700 1818 877 1897 propterea
892 1801 970 1874 data
985 1800 1059 1874 sunt
1074 1801 1268 1898 reciangula
1283 1799 1408 1887 GRH,
1425 1797 1545 1886 GFH,
1575 1798 1663 1897 ipso-

383 1921 527 1996 rumque
543 1899 650 1973 ratio:
684 1921 779 1994 ergo,
809 1922 869 1996 pet
887 1899 972 1973 hanc
990 1899 1281 1997 Propositionems
1297 1900 1396 1973 datur
1412 1899 1498 1973 ratio
1519 1899 1662 1996 quadra-

382 1997 1253 2195 sssii‘n‘in{insidiiis}fissi?
1269 1995 1663 2195 iffiiiiffi’nissss

382 2197 500 2270 sitione
527 2198 564 2270 dc
588 2197 832 2294 magnitudine,
858 2222 960 2295 quare
976 2196 1075 2272 datur
1087 2199 1162 2272 ΡΜ
1176 2198 1341 2295 pos1tione
1358 2197 1396 2270 dt
1411 2195 1658 2296 magnitudine,

385 2297 423 2371 δι
444 2297 491 2371 ob
505 2295 625 2369 datum
642 2297 806 2392 punctum
829 2298 859 2371 F
873 2297 1007 2370 dabitur
1023 2300 1188 2394 punctum
1213 2298 1269 2372 Μ.

229 2397 301 2493 Fig.
312 2401 365 2472 18.
436 2396 471 2468 Si
488 2397 530 2470 fit
545 2401 632 2472 retu
648 2394 712 2469 EF
725 2395 880 2491 parallela
892 2399 993 2470 reetae
1006 2398 1086 2484 AB,
1112 2415 1204 2494 patet
1217 2420 1277 2492 per
1289 2397 1370 2470 Cor.
1385 2417 1419 2470 2.
1438 2395 1539 2470 [em.
1554 2419 1586 2473 2.
1623 2421 1659 2472 x.

338 2558 341 2566 ,
431 2495 501 2568 His
526 2513 639 2568 autem
671 2494 865 2568 Corollariis
891 2496 1107 2570 continentur
1130 2493 1430 2570 demonstrationes
1460 2495 1659 2570 universales
1708 2512 1713 2523 ·

382 2595 489 2694 Prop.
504 2616 522 2666 a
531 2619 562 2690 3.
582 2597 619 2668 δι
636 2617 693 2686 24.
721 2593 801 2669 Lib.
820 2621 851 2670 1.
881 2594 970 2670 Phil.
997 2595 1081 2671 Nat.
1106 2595 1217 2670 Ptine.
1235 2593 1365 2671 Math.
1394 2617 1473 2692 quae
1500 2594 1660 2676 hactenus

382 2719 425 2770 ex
440 2693 609 2768 accidente
622 2713 755 2767 tantum
766 2693 906 2768 ostensae
921 2695 1008 2772 sunt.

384 2821 389 2832 ·
431 2794 529 2870 Con.
543 2795 577 2869 6.
606 2793 729 2868 lisdem
748 2795 957 2907 manentibus
972 2813 1010 2868 ut
1035 2793 1343 2908 inPruposttionea
1368 2793 1471 2890 fiper
1486 2795 1653 2892 puntium

221 2949 242 2998 '·
380 2893 1665 3091 tusisf‘sszssstmsssstszsttestf⁰t⁸aes¹521⁰ssn⁰5stts

381 3092 417 3163 in
434 3091 564 3164 duobus
580 3091 725 3188 pundtis,
750 3092 806 3164 vel
833 3091 936 3188 ipsam
952 3091 1140 3190 contingat,
1167 3019 1221 3168 vii
1245 3093 1361 3166 cinon
1382 3111 1533 3166 occurrat
1551 3123 1562 3176 ς
1595 3093 1662 3166 erit

381 3190 582 3288 quadratum
610 3189 773 3286 segmenti
794 3190 881 3264 inter
899 3193 1064 3288 punitum
1092 3216 1153 3288 per
1176 3191 1268 3290 quod
1288 3190 1389 3264 ducta
1415 3191 1464 3266 est
1486 3191 1523 3264 δε
1548 3192 1660 3288 prima

381 3289 549 3387 inscripta,
584 3289 627 3362 ad
645 3291 845 3389 quadratum
870 3290 1033 3388 segmenti
1061 3291 1147 3366 inter
1175 3291 1267 3366 idem
1284 3292 1447 3388 pundtum
1466 3291 1505 3363 dc
1519 3291 1661 3368 secunda

381 3387 538 3487 inscripta
553 3419 565 3473 t
598 3407 636 3462 ut
651 3390 883 3488 redangulum
899 3415 918 3463 a
934 3391 1112 3490 segmentis
1129 3392 1216 3477 inter
1232 3394 1357 3488 puncta
1372 3391 1406 3463 in
1422 3392 1542 3490 quibus
1557 3390 1658 3466 duda

380 3488 516 3562 sediioni
532 3489 688 3576 occurrit,
716 3491 753 3563 dc
772 3492 936 3588 punctum
953 3492 988 3564 in
1004 3515 1074 3590 quo
1096 3492 1217 3589 primae
1237 3492 1406 3587 inscriptae
1429 3489 1588 3578 occurrit,
1613 3489 1657 3562 ad

379 3589 612 3688 remngutum
627 3613 648 3662 a
663 3588 841 3687 segmentis
854 3590 1066 3664 intercadem
1081 3589 1151 3664 duo
1168 3593 1292 3688 puncta
1305 3590 1339 3664 in
1355 3588 1500 3663 sessione
1515 3589 1552 3662 δε
1569 3613 1657 3687 pun-

378 3690 474 3762 etum
486 3691 601 3788 inquo
617 3693 705 3764 tedia
719 3690 807 3762 linea
822 3689 974 3762 secundae
995 3690 1163 3786 inscriptae
1178 3691 1335 3777 occurrit,
1361 3689 1395 3762 in
1415 3689 1529 3788 primo
1553 3687 1625 3762 uasu
1642 3716 1653 3764 ε

382 3788 425 3866 In
449 3786 604 3876 secundo,
631 3787 801 3862 habebunt
818 3788 904 3862 inter
929 3788 960 3862 se
979 3788 1139 3886 praeditta
1154 3789 1314 3887 quadrata
1329 3786 1470 3864 eandem
1492 3789 1657 3864 rationem

274 3947 278 3954 .
379 3911 484 3986 quam
500 3887 600 3963 habet
615 3887 815 3988 quadratum
833 3888 994 3985 segmenti
1016 3888 1103 3960 inter
1127 3887 1292 3985 pundum
1316 3887 1352 3960 in
1374 3910 1444 3985 quo
1467 3888 1589 3986 primae
1606 3887 1657 3962 in·

381 3987 515 4085 scriptae
529 3987 730 4062 occurrit&
746 3989 911 4087 punitum
925 3989 1108 4076 contaetus,
1137 3986 1180 4060 ad
1195 3987 1395 4086 quadratum
1419 3983 1580 4085 segmenti
1607 3987 1658 4060 in-

379 4109 430 4162 ter
453 4087 616 4185 pundum
644 4088 678 4160 in
704 4112 775 4187 quo
798 4085 898 4162 duda
923 4086 1076 4162 secundae
1093 4087 1260 4185 inscriptae
1274 4087 1473 4162 occurrit&
1492 4091 1656 4184 pund'tum

378 4192 572 4268 comasius:
606 4186 655 4258 Et
679 4187 713 4258 in
732 4187 843 4274 tertio,
870 4187 1033 4284 praedidta
1047 4187 1207 4286 quadrata
1222 4187 1392 4262 habebunt
1421 4185 1506 4260 inter
1532 4186 1562 4260 se
1577 4209 1656 4260 ean·

380 4284 641 4371 demrationem
669 4309 772 4384 quam
798 4286 897 4360 habet
924 4288 1124 4384 quadratum
1142 4284 1302 4382 segmenti
1325 4285 1412 4358 inter
1428 4287 1593 4383 pundtum
1620 4286 1658 4360 in

375 4406 451 4494 quo
466 4385 588 4484 prima
601 4384 767 4488 inscriptae
781 4388 926 4464 occurrit
943 4387 981 4464 ὅτ
998 4386 1200 4492 diametrum
1216 4383 1269 4464 cui
1286 4384 1467 4462 ordinatim
1483 4382 1657 4558 applifftlis

1499 4505 1579 4583 pata
1605 4506 1655 4558 ea
