3752 5320
344 429 748 518 SECTIONUM
795 429 1214 518 CONICARUM
1259 436 1401 524 Lino.
1462 469 1536 555 179

269 607 439 684 diametris
464 609 545 696 AF,
572 607 654 694 DE,
685 607 748 680 erit
777 607 875 701 (Cor.
896 606 926 684 ι’.
945 629 1004 679 21.
1032 605 1112 683 Lib.
1125 615 1178 704 4.)
1217 611 1284 684 AF
1308 611 1351 686 ad
1380 613 1463 706 DE,
1498 638 1536 694 ut

272 708 487 806 (quadratum
512 731 553 780 ex
570 708 628 780 FB
643 704 685 778 ad
709 705 908 802 quadratum
934 729 975 778 ex
991 703 1065 794 BE,
1092 705 1158 780 hoc
1172 708 1232 796 est,
1258 715 1310 804 ut)
1335 714 1535 810 quadratum

256 825 310 878 'ex
327 807 393 880 AF
405 805 448 878 ad
465 805 663 904 quadratum
679 827 720 876 ex
737 803 812 880 CE.
866 803 1136 901 Proportionaies
1153 806 1254 903 igitur
1271 811 1346 882 sunt
1359 813 1437 900 AF,
1456 815 1533 904 CE,

268 903 351 994 ΕΙ),
383 907 513 998 (Conv.
531 905 612 978 Cor.
628 927 660 976 2.
682 925 741 978 20.
763 905 838 996 6.);
873 903 921 976 est
953 902 1054 998 igitur
1070 904 1134 976 CE
1159 907 1202 978 ad
1226 905 1308 994 ED,
1334 929 1371 981 ut
1393 914 1477 1006 (AF
1490 917 1533 986 ad
1603 939 1610 956 ·

269 1003 357 1180 CdE&
373 1003 438 1077 hoc
454 1003 515 1090 est,
541 1007 593 1096 ut)
620 1001 686 1074 AB
710 1001 751 1074 ad
778 1001 859 1076 ue:
898 1027 981 1100 ergo
998 1003 1036 1074 δι
1054 1003 1121 1076 CD
1149 1003 1198 1078 est
1221 1007 1264 1078 ad
1286 1005 1369 1095 DE,
1402 1032 1440 1084 ut
1462 1013 1534 1088 AC

267 1126 287 1175 a
358 1103 396 1180 B.

267 1317 271 1324 ’
314 1301 413 1375 Con.
430 1325 459 1374 1.
487 1297 594 1385 Hinc,
621 1298 826 1395 inpositione
841 1297 919 1370 datu
935 1297 975 1370 iit
989 1295 1149 1372 diameter
1164 1299 1241 1388 FG,
1269 1301 1526 1403 &duopunsta
1543 1319 1614 1394 pr,
1646 1325 1679 1400 5,

265 1399 471 1572 &ambula
485 1401 536 1486 A,
559 1399 600 1486 Β,
633 1397 769 1470 dubitur
784 1397 870 1470 ratio
884 1395 957 1470 AG
976 1397 1019 1470 ad
1034 1395 1123 1482 GB,
1149 1399 1289 1498 ideoque
1306 1404 1391 1476 ratio
1408 1407 1474 1480 DF
1485 1410 1529 1484 ad
1579 1345 1641 1420 g9

314 1599 409 1672 Cou.
432 1621 465 1672 u.
492 1595 583 1670 Etsi
604 1614 764 1693 praetereu
786 1593 884 1668 detur
902 1594 994 1668 redu
1006 1595 1079 1668 AD
1095 1595 1273 1693 positione,
1296 1601 1529 1700 pundumque

263 1695 306 1784 F,
342 1697 474 1770 dabitur
499 1696 566 1769 DF
596 1692 840 1792 magnitudine,
884 1695 922 1767 &
951 1693 1092 1790 proinde
1119 1695 1200 1782 F‘E',
1225 1700 1455 1799 punctumque
1471 1703 1526 1779 E:

288 1819 363 1868 uare
379 1795 541 1894 positione
555 1794 687 1868 dabitur
703 1793 778 1880 BE,
805 1793 846 1865 dc.
868 1793 1032 1890 puntium
1059 1795 1226 1890 parabolae
1242 1797 1285 1872 C.
1337 1801 1455 1898 Atque
1470 1827 1527 1877 eo·

261 1819 341 1968 dem
360 1895 465 1968 modo
476 1913 689 1993 quotcunque
703 1894 777 1990 quis
792 1892 935 1966 voluerit
952 1891 985 1964 in
1004 1892 1072 1988 ipsa
1087 1894 1368 1989 pundhinveniri.
1380 1899 1524 1996 poffunt.

264 2043 269 2058 ·
310 1996 417 2068 Dom.
431 1993 574 2087 Jacohus
584 1991 690 2066 Moor
706 1991 903 2064 Graeearum
915 1989 1086 2064 literarum
1102 1993 1137 2062 iu
1153 1991 1216 2064 hae
1228 1993 1414 2070 Academia
1430 1999 1526 2075 Gras-

261 2094 378 2191 guensr
391 2091 568 2178 Profeffor,
593 2091 626 2163 in
643 2090 837 2164 Geometria
851 2108 1015 2176 ueterum,
1040 2113 1135 2186 mque
1150 2094 1525 2171 acreceneiorumMa·

263 2193 360 2280 their,
386 2191 532 2264 multum
551 2189 755 2288 feliciterque
780 2187 935 2276 versatus,
972 2189 1104 2262 monuit
1128 2212 1183 2263 me
1207 2189 1527 2272 demonstrationem

261 2293 335 2386 Caſs
356 2319 384 2366 r.
402 2289 498 2388 hujus
510 2290 613 2386 Prop.
632 2287 772 2363 brevius.
783 2287 904 2360 confici
917 2287 1007 2384 poffe
1023 2318 1035 2370 ς
1071 2305 1169 2385 atque
1183 2291 1291 2363 multo
1303 2290 1442 2390 quidem
1452 2295 1527 2370 bre·

260 2391 390 2464 viorem
416 2390 500 2464 mihi
522 2386 677 2464 ostendit.
732 2386 945 2484 Perpendeus
959 2405 1071 2460 autem
1087 2389 1302 2464 Archimedis
1317 2390 1526 2469 demonstra-

260 2489 387 2563 tionem
398 2486 624 2586 praeuedentis,
649 2487 697 2559 ad,
708 2484 776 2582 ejus
791 2485 942 2560 formam·
957 2485 1043 2558 hanc
1055 2485 1163 2561 adhuc
1178 2489 1365 2564 breuiorem
1382 2491 1525 2572 confeci.

259 2589 385 2664 Parum
409 2589 499 2661 enim
520 2584 632 2659 differt
648 2585 863 2660 Archimedis
875 2583 1065 2682 Proposrtio
1079 2586 1122 2658 ab
1138 2585 1241 2684 hujus·
1253 2589 1325 2662 casu
1342 2589 1376 2662 in
1392 2615 1462 2690 quo
1474 2595 1527 2666 iu·

260 2687 344 2762 flexu
358 2689 401 2761 ab
415 2710 484 2761 uno
499 2689 708 2784 pundorum
722 2683 893 2772 datorum,
916 2682 1099 2756 ordinatim
1114 2685 1283 2782 applicata·
1296 2686 1344 2760 est
1358 2687 1524 2766 diametro
1615 2723 1618 2736 ¹

259 2811 321 2884 per
331 2787 473 2861 alterum
485 2783 680 2859 transeunte.
731 2781 829 2856 Idem
842 2807 975 2882 quoqne
984 2781 1118 2880 juvenis
1133 2785 1285 2881 egregius
1301 2785 1432 2862 monuit
1448 2813 1526 2864 mu·

259 2886 396 2960 tandem
423 2885 486 2958 effe
508 2881 827 2957 demonstrationem
853 2885 974 2980 Coſsu.
1005 2883 1109 2979 Prop.
1125 2905 1157 2978 3.
1185 2883 1265 2960 Lib.
1279 2909 1312 2983 3.
1352 2885 1386 2960 iu
1412 2887 1532 2963 multo
1613 2975 1617 2986 .

260 2986 460 3076 breuiorem,
476 2983 519 3058 ud
537 2982 676 3060 modum
687 2981 755 3080 ejus
769 3007 847 3082 quae
861 2981 896 3056 in
910 2981 984 3078 Cast
1000 3005 1031 3057 r.
1058 2981 1209 3060 habetur.

688 3279 925 3356 uuor.
1004 3281 1093 3356 xx.
1174 3377 1177 3384 .

259 3459 295 3542 Si
317 3488 339 3540 a
356 3459 499 3542 duobus
513 3457 651 3569 puud'tiu
671 3457 707 3540 in
726 3455 933 3566 hyperbole,
951 3456 1009 3542 uel
1022 3455 1187 3567 oppofitis
1216 3457 1430 3568 hyperbolis,
1459 3459 1547 3539 in-·
1707 3498 1709 3508 ¹

310 3567 499 3652 flectantur
510 3569 555 3650 ad
573 3571 753 3678 punctum
765 3569 800 3650 in
815 3565 894 3676 ipfit
908 3568 989 3648 duae
1002 3571 1104 3648 rodtae
1114 3607 1126 3665 ς
1155 3571 1198 3650 du
1210 3595 1272 3678 per
1285 3567 1382 3649 aliud
1399 3569 1520 3677 quoda·

161 3701 166 3712 ·
194 3729 195 3732 κ
310 3681 362 3760 vis
389 3681 426 3760 in
454 3677 533 3787 ipsis
557 3681 737 3788 pundum
754 3677 932 3757 duuantur
957 3677 1034 3758 aliae
1057 3677 1137 3760 duae
1167 3683 1282 3778 πᾶσι,
1309 3679 1520 3787 asymptotit

309 3787 492 3900 parallelo,
520 3785 658 3870 inflexis
685 3805 939 3870 occurrentes:⁴
968 3804 1076 3867 erunt
1102 3787 1282 3896 segmenta
1302 3783 1516 3868 inflexorum

310 3903 503 4007 intercepta
527 3899 618 3980 iuter
647 3901 757 3980 redas
790 3923 880 4004 quae·
898 3893 1069 4004 parallelae
1095 3897 1176 3976 sunt
1205 3897 1429 4006 asymptotis‚
1471 3899 1518 3977 du.

310 4011 445 4120 punda
461 4035 481 4086 a
499 4007 629 4116 quibus
644 4005 780 4088 inflexu
794 4007 1004 4107 sunteeuae,
1016 4041 1019 4048 ¹
1032 4006 1068 4085 in
1086 4007 1212 4088 eadem
1229 4007 1374 4090 ratione.
1424 4005 1515 4088 Etfi

308 4146 370 4229 per
382 4119 561 4228 pontum
578 4115 619 4198 in·
633 4113 827 4226 hyperboia
839 4114 1015 4198 ducantur
1028 4114 1109 4195 duae
1121 4119 1241 4217 redu,
1269 4127 1425 4226 quarum
1442 4145 1515 4202 una

307 4227 480 4339 contingit
491 4225 740 4341 hyperbolum,
766 4223 875 4310 altera
890 4225 924 4306 ei
938 4225 1054 4308 rursus
1067 4227 1235 4328 occurrit,
1264 4229 1341 4306 vice
1357 4227 1515 4312 duarum

809 4334 897 4420 Zz
1278 4333 1489 4424 inflexorum
1501 4379 1514 4440 ς
