3752 5320
316 411 731 506 sucrtouurt
777 411 1194 505 courcununr
1238 422 1373 511 uu...
1425 457 1496 540 173

234 633 241 648 ·
283 615 360 698 cat,
387 595 445 676 vri
463 593 575 704 ime
592 592 781 701 contingit,
814 591 868 674 vei
897 593 929 673 ei
953 619 1027 674 non
1050 599 1225 694 occurrir3
1264 605 1303 682 dr
1320 631 1340 683 a
1360 605 1501 711 pondis

288 706 326 787 in
340 706 471 816 quibus
487 705 708 813 primaredia
721 703 864 804 srdioni
877 705 1044 805 occurrit,
1072 707 1116 786 ad
1132 707 1306 819 reliquam
1322 715 1499 794 ducantur

287 815 370 898 duae
388 817 491 896 redae
507 813 686 894 diamettis
705 809 899 922 parallelas
938 813 1016 913 erit,
1045 815 1080 894 in
1100 817 1330 924 primocasu,
1360 828 1498 904 retran-

287 925 419 1032 gulum
436 941 649 1005 contentum
672 921 860 1030 segmentis
878 921 1033 1030 reliquae,
1063 926 1153 1006 inter
1172 931 1351 1014 redarum
1370 959 1497 1012 occur.

198 1131 202 1138 Ι
286 1036 370 1116 sum
396 1035 436 1114 bt
452 1032 671 1142 parabolam,
712 1029 847 1142 oquale
877 1033 1086 1141 rudungulo
1113 1057 1284 1120 contento
1310 1043 1499 1148 segmentis

286 1143 446 1250 ejusdem
474 1143 740 1224 intereundum
769 1142 960 1224 occursum
984 1143 1023 1224 tc
1041 1143 1240 1252 parallelas:
1283 1150 1325 1230 In
1345 1151 1500 1232 secundo

286 1253 381 1354 casu,
409 1253 446 1334 in
475 1279 551 1362 quo
579 1253 661 1337 seiz.
692 1251 829 1360 reliqua
855 1256 948 1332 tedia
978 1255 1154 1360 contingit
1183 1257 1404 1365 parabolam,
1431 1262 1499 1342 erit

284 1363 503 1472 quadratum
522 1387 569 1443 ex
583 1364 764 1469 segmento
788 1361 1024 1468 contingentis
1046 1360 1138 1442 iuter
1165 1369 1342 1446 redarum
1368 1395 1499 1449 occut-

285 1473 367 1554 sum
395 1473 679 1570 &ennodium
707 1468 842 1578 mquale
873 1469 1078 1578 tetrangulo
1107 1493 1278 1556 contento
1306 1477 1497 1584 segmentis

283 1580 444 1689 ejusdem
466 1581 556 1662 inter
572 1581 729 1660 eundem
746 1580 936 1660 occursum
961 1581 1221 1688 &parabolam
1264 1585 1306 1664 In
1325 1589 1406 1668 casu
1425 1607 1497 1668 ter-

285 1694 351 1792 tio,
379 1691 521 1799 inquo
547 1689 629 1771 seiz.
658 1689 799 1796 reliqua
822 1695 914 1770 reda
931 1689 1105 1818 parabolae
1132 1719 1205 1772 non
1224 1697 1409 1796 occurrit,·
1433 1697 1499 1776 erit
1609 1737 1613 1740 ·

283 1800 505 1912 quadratum
529 1827 575 1880 ex
601 1797 783 1906 segmento
800 1797 903 1907 ipfius
930 1819 1019 1879 mter
1038 1805 1214 1882 redarum
1241 1805 1431 1886 occursum
1459 1807 1498 1888 dr
1633 1873 1634 1876 κ

284 1913 504 1992 diametrum
515 1907 575 1990 cui
587 1909 780 1990 ordinatim
793 1908 974 2016 applicatae
988 1908 1070 1990 sunt
1088 1909 1175 1992 huic
1192 1915 1294 1992 rediae
1308 1914 1494 2022 parallelo,

284 2045 462 2104 unacum
492 2017 602 2125 spatio
632 2017 886 2128 proportionali
913 2017 1011 2126 qnod
1039 2020 1158 2098 eidem
1187 2025 1288 2103 reuae
1312 2028 1494 2124 convenit,

284 2127 419 2238 aequaie
433 2127 639 2235 redangulo
663 2144 835 2208 contento
846 2123 1036 2236 segmentis
1052 2125 1210 2235 ejusdem
1227 2132 1320 2211 inter
1337 2131 1496 2216 eundem

283 2237 473 2322 occursum
492 2237 531 2318 dr
549 2231 739 2348 parallelas.

279 2537 351 2633 caſs
369 2557 399 2609 1.
426 2532 478 2606 Sit
499 2531 653 2632 parabola
679 2532 793 2619 BAE,
819 2529 987 2630 ipsamque
1007 2533 1112 2606 secent
1127 2534 1227 2608 rodae
1241 2536 1352 2625 ACB,
1379 2535 1494 2629 DCE,
1508 2541 1659 2640 Inig45.

229 2633 270 2710 dt
286 2660 305 2707 a
330 2631 461 2732 puudiis
477 2633 526 2719 A,
555 2633 597 2718 B,
621 2632 662 2704 ad
677 2631 747 2704 DE
763 2631 924 2704 ducantur
937 2631 1022 2719 AG,
1052 2630 1111 2704 BF
1125 2631 1294 2708 diametris
1306 2637 1492 2732 parallelae:
1648 2631 1657 2643 ’

229 2734 294 2810 etit
310 2731 540 2828 rerungulum
554 2730 656 2805 DCE
671 2732 798 2828 aequale
815 2730 1009 2826 tetrangulo
1021 2728 1127 2804 FCG.
1630 2735 1631 2738 ’

224 2897 227 2902 .
278 2833 454 2906 Ducuntur
474 2829 564 2904 enim
586 2829 676 2916 HK,
700 2829 779 2903 LM
800 2828 954 2904 diametri
970 2829 1133 2902 tertarum
1157 2829 1240 2917 DE,
1270 2832 1349 2919 AB,
1384 2834 1494 2931 &per
1542 2895 1544 2898 .

228 2932 375 3030 ipsarum
387 2929 524 3004 vertices
539 2929 594 3017 H,
612 2929 645 3002 L
660 2928 823 3004 ducantur
834 2925 927 3016 HN,
949 2929 1020 3002 LN
1033 2927 1292 3027 parallelaeipfis
1305 2931 1388 3020 DE,
1413 2935 1492 3023 AB,

226 3053 372 3132 ‚qumque
397 3047 574 3127 propterea
598 3029 792 3126 parabolam
820 3029 1029 3125 contingent,
1068 3025 1165 3122 (Cor.
1182 3054 1216 3126 5.
1241 3055 1293 3105 rr.
1321 3031 1400 3107 Lib.
1417 3039 1491 3128 1.);

227 3147 447 3227 damnatque
467 3127 548 3204 HN
571 3127 735 3206 diametro
751 3129 830 3201 LM
848 3127 882 3200 in
897 3127 954 3202 0:
993 3123 1041 3202 est
1057 3126 1160 3224 igitur
1176 3129 1256 3204 HN
1271 3131 1407 3229 aequalin
1431 3133 1492 3229 ipst
1639 3139 1641 3144 ’

224 3229 316 3318 ΝΟ,
342 3229 440 3322 (Cor.
456 3251 511 3317 14.
531 3227 609 3302 Lib.
630 3233 694 3320 1.).
746 3226 795 3300 Et
810 3227 969 3324 quoniam
984 3227 1214 3324 contingenter
1225 3229 1317 3315 HN,
1346 3231 1418 3304 LN
1434 3255 1493 3326 pa-

217 3325 353 3404 rullelae
363 3329 438 3402 sunt
449 3326 544 3400 redis
554 3324 668 3413 DCE,
685 3325 796 3412 BCA,
812 3325 875 3398 erit
891 3331 967 3419 (23.
983 3325 1062 3402 Lib.
1073 3335 1128 3417 4.)
1147 3329 1377 3423 redangnium
1391 3329 1491 3402 DCE

225 3427 268 3502 ad
286 3426 396 3524 ipsum
411 3425 525 3513 BCA,
556 3439 593 3498 ut
608 3425 805 3524 quadrarum
829 3448 871 3496 err
887 3423 967 3497 HN
991 3423 1045 3496 seu
1068 3425 1142 3498 ΝΟ
1167 3425 1209 3498 ad
1224 3426 1422 3522 quadratum
1447 3451 1489 3500 ex

225 3527 312 3614 NL,
339 3523 474 3612 hoctst,
493 3533 640 3622 propter·
656 3523 867 3620 aequnngula
888 3523 1052 3619 triangula
1076 3523 1196 3611 LNO,
1224 3525 1325 3610 BCF,
1355 3544 1392 3610 ut
1407 3549 1489 3622 qua-

224 3626 363 3698 dratum
373 3643 415 3698 etr
426 3625 487 3698 CF
502 3624 544 3696 ad
556 3623 754 3722 quadratum
770 3641 811 3696 ex
822 3622 893 3696 CB.
946 3617 1008 3696 Est
1019 3641 1134 3696 nutem
1148 3623 1208 3697 CF
1217 3624 1260 3696 ad
1276 3623 1348 3710 CB,
1370 3641 1407 3695 ut
1421 3624 1488 3698 CG

222 3727 270 3798 ad
283 3725 365 3811 CA,
388 3721 530 3820 ideoque
542 3719 859 3807 [imiliasuntFCG.
878 3721 973 3802 ,ΒΕΑ
985 3721 1194 3818 rudungulat
1226 3747 1327 3820 quare
1343 3729 1419 3815 (aa.
1434 3725 1486 3814 6.)

226 3823 276 3898 est
290 3817 489 3921 quadratum
511 3845 553 3896 ert
570 3821 630 3898 CF
649 3819 691 3894 ad
715 3821 914 3920 quadratum
937 3839 980 3896 ex
995 3821 1066 3906 CB,
1093 3839 1130 3892 ut
1145 3821 1374 3916 redtngnlum
1392 3821 1487 3895 FCG
1521 3845 1524 3852 ’
1621 3819 1627 3912 j

230 3921 397 4018 adipsum
417 3921 535 3994 BCA:
578 3945 662 4016 ergo
684 3922 731 3994 est
754 3921 982 4016 redtnguium
996 3917 1097 3992 DCE
1120 3919 1163 3992 ad
1187 3919 1293 4016 ipsum
1310 3921 1422 4007 BCA,
1452 3939 1489 3992 ut

227 4021 459 4116 rudungulum
472 4019 500 4092 F
502 4017 567 4091 CG
580 4021 622 4092 nd
635 4020 723 4094 idem
738 4021 835 4094 ΒΕΑ
848 4049 861 4101 ;
885 4018 1113 4116 rudungulum
1130 4015 1230 4116 igitur
1247 4019 1347 4092 DCE
1359 4019 1488 4117 aequale

111 4172 125 4250 ¹.
228 4121 277 4196 est
294 4109 601 4216 rudungu'loFCG.
743 4134 746 4140 '

232 4228 234 4236 ’
276 4217 400 4312 cata.
428 4215 560 4292 Eodem
584 4215 714 4316 prorsus
744 4214 847 4291 modo
861 4215 1055 4306 ostenditur,
1082 4216 1218 4316 sumpto
1232 4216 1306 4294 seiz.
1324 4216 1487 4316 quadrato
1499 4229 1634 4330 ΡΜ

575 4341 578 4350 ·
1445 4339 1486 4392 ex
