3716 5324
278 473 696 558 sncrronrunt
737 469 1167 556 courcnnunt
1197 473 1358 560 nnn.
1404 503 1478 588 129

185 675 266 725 cunr
284 651 389 750 spatio
405 651 647 749 proportionali
664 649 755 749 quod
774 653 873 724 rertae
889 650 958 724 DE
970 652 1143 738 convenit,
1167 668 1205 723 ut
1219 651 1420 749 quadratum
1435 679 1480 728 cx

189 752 258 825 CO
276 752 533 847 semidiametro,
560 754 635 826 seiz.
654 751 716 846 ipsi
732 752 815 824 MN
833 751 1000 848 parallelo,
1031 750 1073 824 ad
1102 751 1303 850 quadratum
1329 775 1370 824 ex
1387 753 1475 830 CL:

189 851 238 923 est
263 854 355 926 eninr
373 853 604 948 reslangulum
622 852 744 925 MDN
760 852 887 948 aequale
911 852 1074 950 quadrato
1096 875 1136 923 ex
1153 851 1233 938 CO,
1269 851 1319 938 ὅτ,
1346 871 1384 926 ut
1401 853 1477 948 jam

155 1023 161 1046 ,
187 949 369 1038 ostensum,
397 951 444 1024 est
468 951 666 1048 quadratum
688 975 730 1023 ex
755 951 845 1037 DH,
873 951 970 1023 simul
999 973 1077 1022 cunr
1102 948 1207 1048 spatio
1228 951 1475 1050 proportionali

188 1049 281 1147 quod
293 1049 443 1148 -iperE
461 1055 632 1140 convenit,
658 1051 786 1149 aequale
801 1049 965 1149 quadrato
981 1073 1022 1123 ex
1040 1049 1117 1126 CL.

526 1361 865 1462 'onon
942 1385 1027 1462 m.

186 1553 321 1634 lisdem
342 1555 580 1653 manentibus,
609 1553 636 1632 fi
654 1552 813 1632 alterutri
831 1557 1010 1632 testarum
1033 1555 1113 1654 AB,
1132 1553 1209 1633 AD
1234 1554 1388 1634 ducatur
1404 1582 1467 1664 pa·
1481 1569 1624 1666 Fig‚24,

243 1665 362 1744 rallela
380 1665 485 1763 MN,
515 1664 614 1743 alteri
633 1666 712 1744 AD
727 1690 913 1744 occurrens
945 1665 980 1744 in
1007 1667 1067 1760 03
1106 1685 1215 1774 prout
1251 1665 1343 1744 MN
1375 1665 1465 1746 secat
1484 1693 1542 1762 ²5·
1563 1693 1622 1767 29·

242 1775 303 1854 vei
332 1775 508 1882 contingit
536 1773 742 1872 sectionem,
771 1775 827 1854 vel
855 1773 919 1882 ipsr
951 1801 1024 1854 non
1052 1776 1220 1874 occurrit,
1248 1777 1375 1855 eadem
1411 1777 1463 1855 se·
1484 1789 1542 1864 30·
1563 1795 1622 1869 31·

243 1906 400 1992 quentur
418 1886 463 1964 de
482 1885 581 1964 rectis
601 1887 689 1984 AD,
711 1885 814 1984 MN,
843 1887 882 1965 Ar
906 1891 1040 1992 puncto
1067 1884 1231 1966 occursus
1250 1889 1299 1985 Ο,
1328 1909 1409 1994 quae
1426 1915 1471 1968 o·

244 1997 355 2074 ssensa
385 1996 466 2072 sunt
488 1993 534 2072 de
554 1997 653 2075 retiis
673 1997 761 2093 AD,
781 1997 862 2092 AB,
883 1996 922 2074 At
951 1995 1104 2102 ipsarum
1133 1997 1307 2074 concursu
1327 2003 1363 2077 A
1375 2036 1387 2093 3
1430 2001 1470 2080 δε

243 2106 350 2213 igitur
383 2104 585 2211 rectangula
621 2125 789 2194 contenta
825 2105 1015 2212 segmentis
1052 2109 1230 2184 retiatum
1257 2107 1338 2202 AB,
1378 2109 1468 2206 AD,

241 2217 379 2322 puncto
399 2217 434 2292 A
453 2215 702 2319 adjacentibus,
732 2213 788 2291 vel
812 2214 984 2320 quadrata
1012 2241 1058 2294 ex
1082 2217 1381 2322 contingentibus,
1411 2217 1470 2296 vel

178 2383 184 2396 .
240 2327 411 2432 quadrata
430 2326 469 2404 At
491 2325 596 2430 spatia
615 2321 906 2432 proportionalia,
936 2325 1017 2404 sunt
1047 2325 1090 2404 ad
1118 2325 1152 2404 se
1177 2323 1331 2404 invicem
1351 2347 1392 2408 ut
1411 2352 1468 2406 re·

240 2433 421 2539 oangula,
442 2435 512 2515 &c
531 2455 696 2516 contenta
717 2435 903 2542 segmentis
930 2439 1108 2514 rectarum
1141 2439 1278 2544 puncto
1306 2437 1344 2516 Ο
1358 2438 1468 2544 adja-

241 2546 415 2626 centibus.
472 2548 542 2626 Ex.
561 2572 614 2653 gr.

233 2752 277 2824 tn
295 2750 325 2827 F
327 2755 372 2850 ig.
391 2775 446 2844 24.
467 2753 514 2826 est
540 2749 770 2848 reclangulum
793 2753 892 2824 BAC
907 2750 949 2822 nd
967 2750 1197 2850 resiangulunr
1215 2747 1335 2842 DAE,
1363 2773 1400 2828 ut
1416 2779 1467 2828 re-

174 2849 382 2954 ·Ctangulunr
404 2849 522 2926 MON
538 2852 579 2924 ad
597 2849 827 2946 reslangulunn
844 2850 949 2925 DOE
967 2878 975 2922 :
1002 2852 1034 2923 in
1053 2849 1162 2949 Fig.,2
1168 2877 1200 2948 5.
1228 2852 1276 2924 est
1294 2854 1469 2951 tetrangu-

185 2951 256 3022 lunn
275 2949 373 3024 BAC
390 2954 431 3023 ad
449 2951 680 3047 restangulu'ru
698 2950 820 3038 DAE,
848 2971 884 3023 ut
900 2952 1099 3048 quadratum
1116 2975 1157 3023 ex
1175 2951 1256 3044 ΜΟ
1274 2951 1321 3024 ad'
1340 2954 1468 3026 restan-

179 3047 305 3146 'gulum
323 3051 451 3125 DOE:
491 3053 523 3123 in
541 3049 616 3147 Fig.
634 3075 690 3148 29.
713 3071 769 3147 30.
789 3050 836 3122 est
854 3051 1084 3147 restangulunr
1097 3053 1197 3124 BAC
1213 3051 1255 3123 ad
1267 3051 1468 3150 quadratum

185 3173 227 3222 ex
244 3153 320 3238 AS,
348 3151 444 3223 srmul
467 3175 544 3223 curn
571 3151 678 3246 spatio
702 3151 946 3248 proportionali
967 3151 1060 3247 quod
1085 3159 1182 3225 retlae
1197 3149 1267 3224 DE
1292 3153 1465 3243 convenit,

185 3270 223 3321 ut
239 3251 471 3347 resiangulunr
489 3251 607 3322 MON
625 3250 666 3322 ad
688 3253 887 3347 quadratum
910 3273 952 3321 ex
969 3251 1042 3337 OS,
1061 3251 1157 3323 srrnul
1173 3275 1252 3338 cum
1269 3252 1373 3348 spatio
1387 3277 1467 3349 pro·
1581 3343 1583 3348 ι

180 3350 361 3445 portionali
372 3350 464 3450 quod
481 3351 590 3422 eidem
608 3349 677 3422 DE
693 3351 871 3421 convenit:
911 3351 944 3420 in
963 3350 1038 3446 Fig.
1055 3375 1110 3442 31·
1139 3349 1186 3421 est
1202 3351 1403 3448 quadratum
1418 3375 1464 3424 ex

175 3449 252 3535 AS,
281 3447 377 3522 srnrul
394 3474 472 3522 cunr
491 3451 594 3544 spatio
618 3449 861 3544 proportionali
880 3447 971 3546 quod
1005 3449 1104 3522 rest-c
1127 3451 1189 3522 BC
1213 3451 1387 3536 convenit,
1414 3449 1462 3520 ad

174 3548 384 3645 quadratum
414 3573 455 3620 ex
468 3551 553 3632 AT,
572 3549 669 3620 simul
685 3573 762 3640 curn
780 3548 885 3642 spatio
908 3549 1151 3644 proportionali
1172 3543 1262 3646 quod
1281 3549 1380 3622 reslae
1391 3545 1463 3619 DE

183 3651 344 3720 convenit
358 3680 370 3731 ς
396 3669 432 3720 ut
446 3650 674 3743 reclangulunr
690 3649 823 3734 MON,
841 3646 882 3718 nd
899 3647 1097 3743 quadratum
1120 3673 1160 3719 ex
1172 3649 1256 3734 OT,
1272 3648 1366 3719 simul
1383 3670 1462 3718 cum

182 3747 289 3918 ῑρῗῑὲο
312 3749 552 3844 proportionali
579 3747 672 3848 quod
697 3749 807 3844 eidem
831 3745 900 3818 DE
918 3749 1095 3820 convenit:
1125 3749 1161 3819 ἃ
1194 3749 1238 3820 src
1267 3747 1300 3818 in
1331 3745 1462 3845 reliquis

183 3869 246 3920 car
271 3871 318 3919 us.

232 3941 282 4018 E't
299 3945 323 4018 sr
340 3945 418 4042 ipsrs
434 3947 512 4032 AB,
530 3949 603 4020 AD
616 3947 777 4020 ducantur
788 3947 866 4020 duae
882 3947 1049 4044 parallelae
1063 3945 1157 4030 MN,
1173 3944 1323 4045 Perbi
1340 3964 1462 4018 mutuo

182 4065 393 4118 occurrentes
410 4047 442 4116 in
455 4049 503 4133 R,
530 4069 626 4118 erunt
643 4047 845 4144 resiangula,
861 4047 1032 4144 quadrata,
1053 4047 1119 4116 &c
1145 4069 1184 4115 ex
1202 4045 1308 4131 retiis,
1335 4046 1461 4139 puncto

180 4147 217 4217 A
233 4145 467 4238 adjacentibus,
494 4147 579 4218 inter
597 4147 640 4232 se,
660 4166 695 4218 ut
713 4147 915 4242 reslangula,
931 4147 1103 4244 quadrata,
1123 4147 1187 4217 &c
1206 4168 1247 4216 ex
1264 4147 1357 4218 restis
1374 4166 1461 4239 pun·

180 4246 237 4316 tto
253 4247 286 4318 R
302 4243 535 4340 adjacentibus,
563 4265 599 4316 ut
628 4245 839 4318 manifestum
868 4245 971 4318 estex
989 4243 1207 4340 praecedente.
1260 4241 1325 4317 Ex.
1340 4242 1459 4354 gr71n

175 4345 259 4442 tog.
274 4367 330 4436 24.
350 4343 397 4416 est
415 4345 756 4443 reNtngulumHBAC
772 4342 1205 4518 adRresiangulunrnDAE
1231 4361 1269 4417 ut
1285 4347 1462 4516 retlanlgu·

361 4465 364 4472 ·
1402 4466 1463 4520 um
